2876 4814
740 237 786 314 56

187 427 278 498 Nouo
294 449 413 498 mum
431 449 496 498 esso
513 427 568 496 ubi
586 425 689 496 (linem
707 451 813 496 meum
832 428 1029 500 Strobilum?
1048 455 1108 498 non
1124 427 1237 522 reperio.

186 547 255 616 Nisi
272 547 366 617 etism
383 547 437 616 hie
454 547 595 642 opperior
612 561 716 616 umen
732 549 908 641 prolispsr;
929 563 1034 643 posteo
1052 551 1130 618 intro

126 681 171 738 oo.
186 665 278 736 llono
294 669 482 760 selmum
505 689 588 736 nuno
606 667 730 736 interim
750 669 882 759 spetlum
902 669 932 736 ei
952 669 1032 738 dubo
1050 667 1217 760 exquirendi

185 786 288 856 ileum
306 787 422 858 lentum
440 809 476 856 or
492 798 602 878 postue
621 783 822 878 pedissequo,
842 789 963 857 nutrice
982 813 1063 872 nnu;
1083 812 1118 856 eo
1135 811 1196 856 rem
1210 785 1296 854 norit.

662 1033 856 1066 *-

412 1214 545 1288 AGTUS
569 1163 763 1306 uolutus.
809 1218 946 1288 scunt
969 1220 1110 1289 ruint.

558 1423 742 1476 sruuuluus.
776 1425 961 1477 utcoumue.

182 1623 224 1692 lli
243 1621 430 1690 immortales
440 1670 450 1704 ‚
470 1621 583 1712 quibus
601 1635 632 1692 et
651 1623 772 1714 quentis
789 1645 841 1690 me
860 1621 980 1692 donetis
997 1623 1133 1714 gentiiis:

184 1739 412 1830 derilibrem
430 1742 531 1808 nulum
549 1765 625 1811 noro
644 1757 782 1812 onustam
803 1743 924 1826 hobeo;
946 1743 1015 1834 quis
1032 1756 1078 1811 est
1097 1766 1148 1810 me
1168 1742 1280 1812 ditior?

184 1863 258 1948 Quis
267 1884 319 1928 me
329 1860 458 1930 Athenis
467 1883 549 1928 nuno
558 1861 654 1952 magis
664 1862 826 1953 qnisquam
837 1875 882 1929 est
891 1861 1003 1945 homo,
1014 1863 1065 1930 eui
1076 1862 1109 1928 di
1119 1863 1180 1930 sint
1192 1861 1324 1954 propitii?

184 1981 265 2072 Lyn.
299 1979 392 2050 Gerto
411 1979 493 2048 enim
511 2003 568 2072 epo
585 2003 692 2050 rocem
710 1981 763 2048 hio
783 1981 936 2072 loquentis
952 1979 1045 2049 modo
1064 2005 1115 2048 me
1134 1983 1240 2049 ondire
1257 1981 1328 2048 rism

984 2101 1076 2189 (sum.
1117 2099 1227 2171 Strob.
1243 2100 1325 2166 hem!

141 2235 168 2289 u.
186 2221 342 2290 liernmne
358 2218 472 2310 ospicio
485 2221 612 2288 meum?
646 2221 726 2310 hys.
738 2220 828 2289 rideo
844 2243 900 2313 ego
914 2221 997 2288 huno
1012 2221 1203 2304 Strobilum,
1219 2239 1329 2288 serrum

1199 2338 1327 2432 (meumi

186 2457 297 2532 Soron.
325 2462 413 2552 Ipsus
428 2473 483 2530 ost.
521 2459 600 2549 Lyn.
617 2459 700 2528 houd
715 2460 792 2530 nlius
806 2475 862 2532 est.
901 2459 1011 2532 Strob.
1030 2460 1221 2552 congredior.
1256 2461 1328 2548 lys.

1003 2583 1180 2671 (contollam
1197 2580 1327 2672 gradum.

188 2695 1330 2793 Gredoegoillum‚utjossi,eompseanumndisse‚hujusnutricernrirginis.
1407 2737 1408 2748 κ

187 2815 297 2886 Strob.
328 2818 409 2904 Quin
419 2841 476 2910 epo
486 2819 531 2885 illi
540 2842 591 2886 me
602 2821 749 2888 invenisse
760 2820 830 2888 dico
842 2820 921 2887 hono
931 2818 1076 2911 praedam
1086 2832 1179 2910 atque
1189 2820 1331 2910 eloquor?

187 2937 286 3028 Igitur
304 2938 400 3005 orabo
419 2952 454 3006 ut
471 2961 565 3005 mann
583 2961 634 3006 me
651 2941 773 3010 mittut:
797 2940 850 3006 ibo
869 2953 900 3007 et
919 2942 1057 3030 eloquor.

129 3080 171 3132 ιο.
187 3057 334 3148 Repperi.
368 3057 448 3146 lopo.
464 3057 539 3149 quid
556 3059 740 3149 repperisti?
777 3056 886 3128 stret.
904 3081 966 3126 non
982 3055 1065 3150 quod
1078 3058 1168 3149 pueri
1181 3059 1333 3126 clamitent

186 3179 223 3246 ln
243 3179 314 3245 fabo
333 3200 364 3246 se
381 3177 560 3270 repperisse.
609 3178 691 3266 Lyn.
705 3180 811 3268 jumne
829 3192 954 3260 autem,
974 3191 1010 3246 nt
1029 3177 1125 3259 soles,
1146 3177 1288 3246 deludis?

220 3410 265 3463 ot.
300 3411 357 3462 nisi
376 3411 471 3462 otiam
492 3411 549 3460 nisi
563 3426 610 3477 pro
627 3411 687 3462 soris
704 3412 743 3462 ri·
783 3411 876 3472 verbo,
894 3410 987 3476 quihus
1003 3412 1138 3463 locutionis
1160 3413 1210 3462 vim
1227 3413 1333 3478 exposuit

186 3498 218 3548 de
232 3515 306 3565 supro
320 3501 352 3551 nd
365 3501 401 3553 11.
416 3501 443 3551 6.
459 3500 486 3552 3.
506 3502 588 3552 etiem
601 3519 647 3568 pro
663 3505 744 3555 ettam
783 3502 932 3554 deseribum.
951 3527 982 3540 -
998 3503 1042 3552 Est
1057 3502 1231 3569 proverbium,
1250 3502 1332 3566 inquo

187 3604 275 3650 nune,
294 3591 400 3648 odiens
417 3591 519 3644 Terent.
537 3594 598 3644 lieu.
618 3596 662 3646 tv.
679 3596 705 3645 3.
715 3595 742 3646 8.
783 3594 928 3646 retunditur
944 3598 1021 3659 utque
1036 3594 1148 3645 eluditur
1157 3595 1280 3660 joetontir
1291 3607 1331 3644 eo·

242 3679 275 3728 do
291 3694 375 3730 onero
390 3681 511 3732 insertus
526 3698 585 3732 sum
601 3686 692 3736 etiem.
783 3700 856 3746 rum,
884 3685 928 3750 qui
954 3700 994 3736 ree
1018 3686 1106 3748 nihili,
1135 3690 1253 3750 tnnquem
1273 3701 1333 3736 rores

186 3769 255 3832 virg.
273 3769 337 3820 Aen.
353 3769 398 3820 VI.
414 3770 475 3821 486.
785 3775 816 3826 ob
835 3791 863 3828 se
881 3777 1011 3838 inventor.
1038 3780 1065 3828 et
1088 3780 1118 3826 nt
1140 3777 1190 3828 olio
1211 3776 1331 3843 proverbio

204 3859 294 3909 Etiam
305 3875 411 3922 oureus,
426 3861 508 3912 otiosos
517 3877 594 3914 omo
603 3870 742 3916 tenentem.
784 3863 896 3929 dieitur,
923 3883 969 3934 pro
990 3867 1109 3918 thesauro
1130 3867 1250 3919 corbones
1267 3866 1332 3916 nohis

187 3950 230 4001 nbi
248 3951 299 4002 vid.
321 3951 430 4002 Servius.
462 3951 550 4002 Gioero
572 3954 669 4005 Verrio.
693 3957 742 4006 111.
784 3957 930 4017 ostendent.
974 3958 1036 4009 Ideo
1063 3974 1166 4018 servus,
1200 3957 1331 4023 significans

87 4055 89 4062 ·
186 4042 235 4105 23,
254 4049 281 4093 et
300 4058 381 4108 quem
399 4045 451 4094 iste
471 4045 551 4094 etiem
568 4045 691 4108 nuberet,
714 4047 746 4097 iss
784 4061 836 4096 non
859 4064 1030 4114 pervenirem
1051 4065 1135 4114 neque
1154 4050 1233 4100 terem
1250 4063 1330 4115 reppe-

187 4135 336 4186 cubiculum
352 4135 523 4186 introductus
540 4142 588 4186 eet.
784 4138 846 4188 risse
860 4154 901 4198 re,
917 4142 995 4204 negot
1004 4139 1140 4190 inventum
1149 4140 1199 4192 sibi
1213 4140 1270 4190 nihil
1281 4156 1330 4190 mu-

32 4239 34 4248 ·
111 4289 113 4292 ¹
222 4225 264 4276 10.
300 4227 370 4290 qood
380 4230 464 4292 pueri
479 4227 619 4279 clamitent
635 4229 667 4278 iss
677 4228 745 4294 sebo
780 4229 826 4292 jus
839 4245 913 4292 quem
928 4230 996 4292 quod
1010 4232 1083 4296 pueri
1098 4231 1229 4282 elsmitsnt
1242 4246 1328 4296 rerep-

185 4330 212 4362 oe
238 4319 396 4380 repperisse.
432 4319 499 4369 lisso
524 4334 601 4381 quum
625 4318 667 4366 vix
690 4317 744 4366 sine
783 4317 877 4380 perlue
895 4317 922 4367 in
942 4319 1009 4371 lube.
1051 4322 1184 4388 Expliosnt
1201 4322 1232 4371 de
1250 4323 1327 4372 resmi-

137 4439 148 4462 ,
184 4401 351 4468 explicatione
365 4406 529 4470 intelligendo
542 4407 608 4468 rint,
624 4405 744 4458 Gronorii
784 4405 841 4455 culo
861 4405 888 4456 iu
912 4406 962 4458 isto
984 4425 1076 4474 genere
1094 4411 1242 4478 leguminis,
1265 4429 1327 4478 mern
