2876 4814
685 272 731 346 53

107 469 208 538 Nam
225 469 254 537 si
271 469 348 536 istnc
360 470 412 558 jus
430 479 475 533 est
485 515 496 547 ,
514 479 549 533 ut
567 479 602 532 tu
619 466 700 534 istuc
715 488 855 534 excusare
872 469 984 558 possies
995 517 1012 550 ,

105 589 206 659 Luci
224 590 307 656 claro
325 586 513 677 deripiamus
529 608 638 652 aurum
656 585 801 653 matronis
818 586 942 676 palam3

106 709 198 776 Post
217 708 272 789 id,
291 710 317 775 si
333 706 476 799 prehensi
493 729 616 788 sumus,
637 727 831 787 excusemus,
849 707 950 773 ebrios

107 827 190 896 Nos
208 828 315 924 fecisse
333 826 445 895 amoris
463 849 573 908 causa;
595 825 685 892 nimis
703 826 764 893 sile
781 840 827 893 est
842 826 948 894 sinum
966 838 1059 916 atque
1076 849 1184 907 amer,

109 946 156 1015 Si
179 947 268 1014 ebrio
287 960 379 1038 atque
397 945 513 1012 amanti
532 945 658 1035 impune
676 945 778 1011 facere
788 994 798 1026 ,
819 944 903 1036 quod
919 945 1023 1012 lubeat
1035 995 1049 1026 ,
1063 945 1149 1012 licet·
1295 960 1338 1012 40.

112 1066 208 1154 Lyc.
243 1066 324 1151 Quin
342 1065 401 1132 tibi
422 1067 501 1133 ultro
521 1064 726 1155 supplicatum
744 1065 833 1132 renio
853 1067 894 1132 ob
911 1067 1074 1134 stultitiam
1090 1089 1202 1142 meam.

114 1184 1279 1279 Eue.Nonmihihominesplacent,qui,quandomadefeceruut,purgitant.

115 1307 175 1373 Tu
193 1306 278 1371 illam
296 1304 394 1371 scibas
409 1328 470 1371 non
490 1317 573 1370 tuam
590 1327 673 1387 esse3
696 1327 758 1372 non
775 1316 920 1372 attactam
940 1307 1085 1395 oportuit.

117 1426 208 1514 Lyc.
239 1424 341 1514 Ergo,
362 1424 434 1514 quia
455 1446 521 1490 sum
540 1436 663 1515 tangere
682 1447 791 1506 ausus,
813 1423 897 1490 haud
916 1425 1074 1493 causificor
1095 1427 1171 1517 quin
1191 1448 1260 1493 eam

102 1523 196 1635 'Ego
211 1542 343 1610 habeam
360 1543 564 1633 potissimum.
610 1544 699 1614 lice·
721 1551 787 1611 tun'
806 1544 918 1612 hahens
936 1568 986 1612 me
1004 1546 1099 1614 inrito
1116 1549 1236 1613 meam!
1298 1567 1341 1618 ts.

123 1664 211 1752 hyr.
244 1663 334 1730 Haud
353 1676 384 1730 te
403 1664 500 1730 inrito
519 1666 660 1754 postulo,
681 1663 733 1731 sed
751 1687 852 1732 meam
870 1687 934 1733 esse
951 1679 1089 1758 oportere
1106 1665 1253 1737 arbitror.

127 1782 212 1870 Quin
228 1795 262 1848 tu
276 1804 344 1848 eam
362 1783 514 1864 iuvenies,
533 1783 658 1873 inquam
667 1835 680 1867 ,.
693 1807 795 1850 meam
809 1786 894 1852 illam
909 1808 972 1853 esse
989 1798 1147 1876 oportere,
1164 1786 1284 1855 Euclio.

126 1901 1287 1995 Eucdamquidemherclereadpraetoremrapiamettihiscribamdicam,

127 2021 199 2088 Nisi
207 2023 312 2093 refers.
330 2021 779 2114 Lycquidtihiegoreferam?
797 2025 884 2094 Eue.
895 2023 978 2114 quod
988 2023 1159 2116 surripuisti
1168 2047 1286 2096 meum.

129 2141 214 2228 Lyc.
248 2141 380 2232 surripui
398 2165 454 2232 ego
473 2143 587 2211 tuum?
611 2141 719 2210 unde?
742 2157 795 2212 aut
818 2143 895 2236 quid
913 2143 947 2210 id
965 2145 1034 2211 est?
1081 2144 1167 2213 Eue.
1194 2143 1237 2212 ita
1257 2157 1287 2210 te
1302 2162 1346 2215 so.

974 2263 1103 2354 (amabit
1119 2264 1285 2356 iuppiter,

129 2381 177 2450 Ut
195 2394 229 2448 tu
248 2383 369 2451 nescis?
415 2385 496 2472 Lye.
515 2383 718 2474 nisiquidem
736 2397 771 2451 tu
788 2384 884 2465 mihi,
905 2383 981 2476 quid
1000 2406 1144 2474 quaeras,
1163 2382 1285 2455 dixeris.

129 2501 220 2570 Eue.
254 2501 365 2571 Aulam
385 2501 451 2569 auri
462 2551 472 2582 ,
494 2504 641 2593 inquam,
660 2515 855 2594 temporeo,
875 2526 968 2595 quam
985 2517 1019 2571 tu
1038 2503 1190 2572 confessus
1209 2505 1288 2573 mihi

165 2809 209 2861 39.
244 2810 327 2860 sss'ms's
344 2810 397 2860 sita
415 2817 463 2863 sst.
500 2809 590 2876 signis.
613 2814 635 2864 si
651 2815 690 2864 si·
732 2829 792 2865 cens
809 2829 862 2864 esse
879 2813 997 2867 Trahere.
1032 2815 1090 2868 vid.
1106 2816 1174 2869 Phil.
1192 2818 1288 2882 Fragor.

130 2915 194 2949 num
210 2903 237 2950 et
255 2916 323 2950 amor
338 2901 413 2969 nobis
430 2903 599 2953 concederent
612 2904 690 2968 quid·
730 2922 756 2972 p.
775 2904 836 2956 328.
855 2905 940 2970 ihique
958 2906 1048 2957 Clerici
1065 2911 1152 2959 annot.

130 2993 170 3042 vis
187 2991 289 3058 impune
306 2992 406 3054 tacere,
426 3008 478 3042 uon
494 2995 575 3060 parari
589 2999 692 3060 possent
765 2994 808 3048 48.
837 2997 1018 3062 Iampridem
1032 3023 1063 3035 ·-
1078 2999 1174 3050 disum.
1195 2999 1288 3049 Assen-

131 3086 184 3132 tam
212 3083 256 3130 vili
280 3083 372 3147 pretio.
410 3084 499 3134 Omnes
522 3085 587 3135 enim
607 3085 691 3135 sinum
731 3087 781 3136 tior
795 3089 911 3138 Goellero
925 3089 993 3137 hunc
1004 3104 1119 3148 versum,
1135 3089 1179 3152 qui
1192 3088 1219 3137 in
1233 3088 1289 3138 edi·

133 3177 161 3222 et
184 3188 292 3222 amorem
315 3177 445 3234 emerent,
470 3191 535 3238 quae
558 3180 691 3242 propterea
731 3179 843 3229 tionibus
872 3183 930 3246 post
956 3181 1012 3229 ssiss'
1038 3180 1123 3245 resera
1147 3204 1178 3215 -
1203 3193 1290 3227 meum

132 3263 231 3313 maximi
251 3268 407 3315 constarent.
436 3267 497 3316 Fere
511 3270 540 3314 ut
560 3267 691 3316 Philemon
732 3271 888 3330 collocatur,
915 3271 1089 3336 transponenti
1110 3269 1195 3319 statim
1214 3273 1289 3335 post,

133 3353 198 3404 dicit
213 3353 245 3403 de
263 3354 389 3420 lacrymis.
453 3401 454 3409 ,
733 3376 817 3412 ussus·
833 3362 909 3412 s'ltsm
927 3377 981 3410 ssss
996 3368 1117 3426 oportere
1136 3359 1241 3413 Euclio.

150 3448 177 3496 εἰ
197 3447 234 3496 τὰ
255 3445 352 3514 δάκρυ’
377 3445 441 3510 ἡμῖν
464 3445 518 3496 τῶν
543 3447 632 3496 κακῶν
659 3435 692 3512 ἦν
766 3451 810 3503 48.
847 3452 897 3501 ttbs'
914 3451 1028 3502 scribom
1053 3453 1149 3504 dicem.
1184 3453 1289 3502 Locutio

541 3537 692 3604 (φάρμακον
731 3546 814 3594 sumtu
830 3558 845 3591 a
861 3543 979 3593 Graecis:
998 3543 1026 3593 hi
1041 3543 1106 3593 enim
1125 3543 1206 3609 dirps
1221 3542 1291 3611 ypsi-

152 3626 195 3678 oiai
204 3623 257 3677 e‘t
269 3625 387 3684 κλαύσας
395 3627 445 3676 τοῦ
456 3636 551 3676 πονεῖν
561 3628 689 3689 ἐπαύετο,
732 3633 982 3692 praeordinabant:
1001 3634 1019 3684 i.
1033 3649 1058 3684 e.
1074 3649 1201 3685 accusare.
1228 3635 1290 3684 Imi-

148 3717 357 3784 ἠλλαττόμεσθ’
382 3715 414 3766 ἂν
441 3717 569 3786 δάκρυα,
596 3718 693 3776 δόντες
732 3727 802 3772 tatur
830 3723 934 3774 Plautus
960 3725 986 3774 in
1015 3726 1149 3776 cemoediis
1177 3726 1290 3776 Palliatis

435 3807 568 3876 (χρυσίον.
589 3828 614 3860 κ.
626 3827 652 3860 τ.
666 3809 691 3862 λ.
733 3815 866 3874 instituta,
893 3817 930 3865 sic
957 3821 984 3866 et
1011 3817 1153 3867 locutiones
1179 3817 1290 3867 Graeco·

133 3902 184 3950 lios
193 3901 398 3950 sersusluretus
407 3898 443 3948 ita
452 3901 529 3948 vertit
538 3900 570 3951 de
580 3901 691 3951 Graecis:
732 3921 805 3965 rum,
819 3905 882 3956 licet
895 3908 970 3958 etiam
985 3909 1011 3958 in
1024 3910 1055 3959 iis
1068 3925 1119 3958 non
1134 3909 1210 3958 semel
1224 3909 1290 3958 mut-

151 3992 235 4050 nere,
252 3990 423 4055 sequereris,
439 3990 690 4056 ejtrlutthflelt'httt·
734 4002 776 4056 ta,
805 3997 835 4047 sd
867 4000 1033 4050 Romanorum
1060 4014 1141 4050 mores
1169 3997 1288 4062 depicta,

151 4083 287 4132 Medicina
296 4082 379 4147 fleret
393 4083 690 4143 miserttsmortuls'arm‚
733 4072 846 4139 misceat.
891 4090 1009 4139 Similiter
1029 4090 1116 4139 Cicero
1134 4087 1231 4138 verrin.
1252 4087 1290 4138 11.

151 4173 225 4226 Auso
238 4174 377 4238 parandos
394 4173 522 4224 lacrimas
541 4180 634 4224 costra
645 4176 693 4241 fo·
736 4177 777 4230 lt.
793 4179 850 4229 init.
868 4178 980 4228 scrihere
995 4178 1081 4227 ds'eam
1096 4176 1176 4252 ‘¹¹¹5‘2.
1188 4180 1291 4241 propter

539 4263 621 4326 (rent.
642 4272 692 4318 etc.
734 4268 847 4328 Siculos,
873 4268 919 4330 qui
938 4268 1033 4317 Graece
1049 4264 1234 4329 loquebanturr
1260 4266 1292 4318 da

136 4357 198 4406 Sunt
223 4358 308 4406 autem
333 4354 362 4404 hi
385 4358 414 4405 et
440 4371 495 4420 seq.
522 4371 625 4418 sersus,
650 4371 695 4424 per
734 4358 840 4407 formula
863 4357 992 4416 scribere,
1020 4361 1047 4406 et
1071 4355 1231 4406 subscribere
1249 4358 1292 4408 dr'-

135 4464 199 4516 quos
211 4450 328 4515 *nuestus
344 4446 446 4513 decepit
462 4433 629 4511 Scaligerurh,
654 4447 694 4497 di·
736 4462 792 4498 sam
800 4447 851 4498 rid.
866 4447 1292 4516 thronos.hect.1’lsut.psg.286.
1319 4521 1324 4527 ι
