2900 4820
756 268 803 342 32

54 479 59 488 “
147 491 188 544 10.
205 464 291 535 Euo.
318 463 421 532 Etiam
438 463 575 557 rogitas?
592 485 632 530 an
651 463 724 554 qnia
742 464 842 530 minus
852 512 863 544 ,
884 484 978 554 qnam
995 483 1127 554 aequom
1144 476 1231 546 erat,
1249 467 1343 534 feci?
1421 491 1422 496 ¹

152 583 165 620 ‘
209 585 310 675 Cmtq.
338 583 429 655 Sine:
453 598 485 652 at
501 584 604 651 hercle
621 606 693 651 cnm
712 607 824 676 magno
841 585 922 652 malo
940 598 1011 665 tuo,
1031 585 1056 652 si
1071 582 1131 651 hoc
1145 597 1238 674 caput
1254 587 1364 656 sentit.

205 706 291 775 noe.
320 705 375 774 Pol
393 725 448 796 ego
465 703 548 770 hand
565 703 628 771 scio
646 703 722 795 quid
739 716 809 796 post
826 705 909 774 fuat:
935 716 1024 771 tuum
1040 724 1123 771 nuno
1142 717 1236 794 caput
1254 707 1362 775 sentit.

205 823 268 892 Sed
287 823 319 889 in
338 822 465 891 aedibus
483 822 558 915 quid
576 824 636 892 tibi
655 823 732 891 meis
748 846 820 890 nam
837 838 902 891 erat
921 826 1024 915 negoti

205 943 257 1012 Me
274 943 420 1024 absente,
438 943 497 1010 nisi
516 967 572 1036 ego
584 946 761 1034 jusseram?
778 945 846 1013 volo
865 945 953 1016 scire.
1005 944 1106 1034 Gonq.
1133 957 1202 1011 tace
1220 966 1305 1035 crgo.

147 1078 189 1131 rt.
207 1064 286 1150 Quia
304 1063 441 1130 uenimus
458 1076 581 1132 coctum
598 1063 639 1130 ad
657 1066 791 1157 nuptias.
838 1065 924 1134 Eue.
951 1064 1048 1156 quid,
1066 1065 1203 1145 malum,
1222 1085 1310 1129 curas

206 1185 275 1266 Tu,
294 1196 398 1250 utrum
418 1182 548 1250 crudum
568 1207 607 1251 an
624 1199 746 1253 coctum
765 1183 878 1268 edam,
897 1186 955 1253 nisi
974 1199 1009 1252 tu
1027 1185 1106 1264 nrihi
1125 1207 1156 1250 es
1174 1183 1283 1250 tutor?

211 1303 312 1391 Conq.
345 1303 422 1370 Volo
441 1303 539 1383 scire,
563 1304 663 1384 sinas,
687 1327 727 1370 an
747 1327 811 1371 non
830 1306 908 1372 sinas
926 1328 980 1373 noa
999 1327 1131 1396 coquere
1148 1301 1201 1369 hic
1219 1323 1362 1372 coenam.

207 1423 294 1492 Euo.
327 1422 404 1490 Volo
422 1423 498 1490 scire
516 1444 573 1512 ego
592 1423 688 1506 item,
708 1445 795 1490 meae
814 1423 898 1491 domi
915 1445 983 1490 mea
1000 1426 1079 1491 salva
1098 1426 1212 1496 futura.

212 1543 313 1631 Ocno.
347 1541 471 1611 Utinam
489 1563 557 1609 mea
575 1541 652 1610 mihi
668 1543 761 1612 modo
778 1544 936 1625 animam,
956 1567 1035 1636 quae
1054 1546 1165 1625 attuli,
1183 1545 1275 1619 solra.

147 1674 191 1727 20.
207 1662 259 1731 Me
275 1660 360 1728 haud
377 1663 514 1752 poenitet
524 1712 536 1743 ,
557 1675 610 1730 tua
628 1685 669 1730 ne
686 1677 837 1755 expetam.
884 1663 969 1732 Euo.
999 1664 1082 1746 scio,
1100 1686 1140 1730 ne
1157 1663 1252 1733 doce:
1274 1663 1360 1730 nori.

212 1782 313 1873 Gorty.
336 1781 418 1869 Quid
433 1794 495 1862 est,
512 1805 571 1872 qna
587 1782 733 1873 prohibes
744 1805 825 1850 nunc
835 1783 933 1872 gratia
941 1805 994 1850 nos
1005 1805 1136 1874 coquere
1144 1782 1198 1850 hic
1208 1782 1360 1851 coenam?

209 1900 291 1989 Quid
309 1902 461 1970 fecimus?
481 1901 556 1994 quid
575 1902 705 1970 diximus
722 1902 781 1970 tibi
799 1925 884 1970 secus
901 1925 993 1993 quam
1010 1903 1126 1970 velles?

208 2021 295 2091 Euo.
329 2021 432 2089 Etiam
450 2023 584 2114 rogitas,
604 2022 728 2089 sceleste
743 2022 837 2090 homo
847 2073 857 2105 ,
879 2023 933 2114 qni
951 2023 1073 2113 angulos
1091 2021 1186 2089 omnis

207 2140 346 2209 Mearum
365 2140 489 2208 aedium
508 2155 541 2209 et
559 2142 749 2209 conclavium
765 2142 844 2208 mihi
862 2141 998 2234 perviam
1017 2141 1142 2209 facitis?

147 2279 191 2332 tt.
207 2259 245 2328 Id
264 2260 320 2327 nbi
339 2261 399 2328 tibi
418 2275 484 2329 erat
501 2262 678 2352 negotium,
698 2261 738 2328 ad
756 2261 859 2329 focum
878 2262 902 2329 si
922 2260 1060 2342 adesses,

208 2381 279 2450 Non
297 2379 388 2448 fissile
408 2379 535 2450 haberes
555 2395 668 2473 caput3
689 2382 800 2450 merito
817 2380 851 2449 id
868 2383 927 2448 tibi
944 2382 1061 2450 factum
1079 2394 1135 2450 est.

209 2497 296 2568 Adeo
312 2512 348 2567 ut
367 2522 468 2566 meam
488 2503 670 2568 sententiam
682 2505 749 2593 jam
767 2524 891 2569 noscere
909 2501 1024 2593 possis;

209 2617 245 2686 Si
263 2617 302 2683 ad
315 2621 443 2708 januam
461 2619 523 2688 huc
542 2623 722 2704 accesseris,
741 2623 800 2690 nisi
812 2625 953 2713 jussero,
973 2620 1097 2712 propius
1107 2668 1117 2700 ,
1220 2643 1222 2648 ·

209 2739 275 2830 Ego
293 2751 325 2804 te
342 2738 475 2821 faciam,
494 2732 682 2809 miserrimus
702 2742 838 2809 mortalis
858 2741 905 2808 uti
924 2740 974 2809 sis.
1030 2775 1034 2781 ·

149 2878 193 2930 30.
209 2860 276 2929 Scis
290 2861 358 2949 jam
376 2881 477 2925 meam
495 2862 702 2927 sententiam?
723 2885 785 2952 quo
803 2861 894 2929 abis?
914 2859 982 2926 redi
1000 2880 1132 2944 rursum.

214 2978 314 3068 Ceno.
347 2977 397 3045 Ita
415 2999 465 3044 me
484 2979 562 3046 bene
579 2993 661 3047 anret
679 2981 838 3061 Lauerna,
859 2981 990 3070 tejam,
1008 2978 1067 3045 nisi
1087 2973 1176 3042 reddi

246 3259 287 3309 ll.
325 3257 399 3311 Sine.
449 3257 566 3308 llinantie
593 3261 650 3307 est:
680 3258 770 3308 Noster
809 3258 872 3307 tollo
888 3257 986 3321 signum
1000 3252 1221 3319 interrogationis,
1235 3250 1367 3303 utlrabeat

211 3349 282 3400 Asin.
300 3349 332 3399 V.
351 3351 376 3400 2.
400 3349 441 3402 48.
808 3364 895 3400 verena
911 3349 962 3397 vim
978 3345 1102 3409 quandam
1118 3342 1294 3394 comminandi.

277 3441 353 3489 etse!
371 3442 463 3490 amtor
479 3441 555 3491 morlo
572 3441 687 3490 domem.
842 3439 887 3489 ³1.
924 3437 1056 3489 lacerno.
1091 3437 1162 3486 Hanc
1177 3434 1248 3484 deam
1263 3433 1369 3482 llomani

211 3529 309 3580 liostel.
329 3530 351 3581 1.
370 3529 395 3580 l.
413 3530 454 3580 10.
810 3527 978 3597 precabantur
993 3531 1024 3576 ut
1045 3527 1163 3577 instituta
1180 3541 1240 3586 eun,
1260 3525 1287 3572 et
1303 3537 1366 3572 oon-

280 3621 338 3670 οὐκ
355 3621 430 3670 morlo
446 3622 572 3674 odoratae
589 3637 675 3672 senes.
810 3620 866 3670 eilia
892 3617 990 3668 iurandi
1010 3634 1039 3668 aa
1059 3615 1199 3668 mentiendi
1217 3616 1366 3666 lortunaret.

212 3713 313 3763 Terent.
328 3713 391 3762 Eun.
410 3712 432 3763 1.
455 3712 477 3762 l.
496 3712 539 3763 20.
810 3711 897 3762 liceat.
918 3709 940 3758 1.
960 3709 1004 3774 Ep.
1027 3709 1068 3758 16.
1083 3707 1127 3758 60.

603 3803 661 3853 eine
678 3804 770 3863 mmo,
1090 3798 1209 3848 Μήνα
1228 3795 1366 3858 lacerno,

230 3894 300 3944 mori
309 3893 468 3943 messalina
480 3893 635 3957 sentietque·
645 3893 772 3944 citatem.
829 3891 872 3942 Do
890 3891 959 3942 mtto·
974 3889 1090 3958 follere,
1119 3890 1154 3939 ato
1170 3890 1278 3953 jactem
1294 3903 1368 3937 ensc-

246 3984 290 4036 20.
329 3985 401 4035 loeti
411 3985 542 4050 poenitet.
569 3981 772 4034 Lambinusrec·
1137 3979 1258 4045 (tumque
1275 3977 1368 4030 videri.

213 4080 241 4128 te
274 4075 426 4143 explicavit:
453 4091 511 4125 nem
538 4075 610 4124 ineat
633 4075 773 4140 poenitere
813 4073 904 4125 Graeci
919 4075 945 4124 in
960 4073 1048 4124 eadem
1063 4071 1211 4123 recreabant
1228 4071 1279 4135 τὴν
1294 4067 1369 4136 Πρα-

214 4168 341 4219 interdum
357 4167 485 4232 eleganter
501 4166 640 4230 significat,
664 4168 772 4216 conten·
813 4163 937 4230 ειδίκην,
957 4179 1023 4228 quae
1044 4163 1145 4214 iuuenali
1162 4159 1267 4212 consilia
1285 4159 1317 4210 ad
1331 4159 1368 4209 el·

215 4260 491 4324 tamesae,gaudere.
516 4256 771 4309 transnatato.
814 4255 910 4304 lectum
928 4254 1043 4307 duceret.
1088 4255 1148 4304 Erat
1166 4255 1250 4302 autern
1273 4265 1303 4301 ea
1320 4251 1370 4299 llea

214 4350 295 4400 Cicer.
314 4351 342 4400 in
360 4331 432 4402 voce.
813 4347 912 4396 tantum
935 4349 1028 4414 ceput,
1057 4345 1111 4396 siue
1139 4343 1238 4408 reliquo
1256 4355 1367 4408 corpore.

247 4439 291 4490 30.
328 4441 457 4506 sotejam
483 4456 566 4494 meam
591 4437 772 4493 sententiam!
814 4435 905 4500 Soulia.
