2876 4814
647 287 814 400 ol¹

76 480 185 551 Strob.
228 480 278 548 Si
293 504 342 548 mc
358 484 509 570 torqueri
516 482 666 569 jusseris
683 479 735 548 ad
748 502 874 563 uocem,
898 483 973 550 mdc

79 601 178 689 Quid
193 623 411 692 conseptum.
427 605 576 692 primum
595 603 686 666 serui
702 605 838 668 erilium
858 603 976 670 habes:

67 721 238 803 Deinde,
263 722 351 812 quod
369 725 572 812 coriarposces
583 770 593 801 ,
607 721 709 809 serre
726 743 790 788 acu
799 731 908 814 potes.

69 839 121 905 At
139 845 178 906 si
199 865 257 907 me
275 843 381 908 dulcis
403 843 570 907 libertatis
581 841 738 931 praemio

67 959 219 1026 Dudum
239 970 430 1054 captasses,
445 961 523 1048 jam
540 959 661 1025 dudum
678 963 762 1026 votis
770 963 869 1050 fores

71 1079 163 1146 Tuis
181 1068 343 1172 potitus.¹
377 1079 495 1146 Omnes
514 1087 637 1145 notiora
652 1083 756 1170 parit
774 1081 918 1161 liberos,
976 1053 979 1059 Ι

68 1201 125 1266 Et
145 1224 265 1267 omues
283 1202 435 1266 libertati
448 1207 572 1264 uatura
591 1198 732 1268 student.

74 1319 189 1386 Omui
210 1324 319 1402 malo,
342 1324 430 1387 omrai
448 1323 550 1385 cattio
558 1319 660 1410 pejor
678 1323 840 1385 seruitus:

69 1440 126 1505 Et
148 1465 249 1531 queem
268 1441 428 1532 Juppitcr
447 1440 518 1506 odit
528 1488 538 1520 ,
562 1461 687 1505 servom
704 1439 788 1505 litua
797 1441 947 1530 primam
956 1443 1062 1530 facit.

70 1559 159 1649 Lyc.
197 1560 273 1629 Noa
286 1561 384 1626 stulte
406 1561 563 1648 loqueris.
610 1557 717 1630 Strob.
750 1559 834 1625 audi
852 1561 981 1652 relipoa
998 1565 1177 1652 riioucjam.
1261 1576 1305 1628 25.

73 1678 108 1745 T
105 1703 232 1747 uinces
249 1683 386 1745 uimium
404 1678 552 1745 domiuus
568 1686 684 1744 nostra
701 1687 796 1744 aetas
813 1681 912 1764 tulit,

78 1801 180 1890 (tuos
197 1801 424 1892 Harpapones
434 1847 444 1881 ‚
468 1798 650 1889 Harpyias
668 1808 700 1863 ct
721 1797 881 1866 Tantalos

76 1921 223 1989 Vocare
240 1922 325 1988 soleo
336 1943 348 2001 ,·
372 1923 410 1985 ia
428 1921 540 2010 opibus
557 1922 690 2007 mayrois
699 1896 889 2011 pauperes,

76 2041 132 2108 Et
155 2042 336 2108 sitibundos
355 2043 391 2104 iu
408 2040 513 2105 medio
536 2037 660 2106 Oceani
676 2042 829 2127 purple:

77 2161 210 2230 Nullae
228 2163 302 2227 illis
320 2163 405 2226 satis
423 2159 562 2226 di'uitiac
581 2167 657 2224 mitt
667 2208 676 2240 ,
699 2181 763 2224 uou
780 2158 919 2242 Midae,

77 2282 159 2350 Nou
182 2282 320 2351 Croesi:
340 2304 404 2347 uou
423 2284 528 2347 omnis
546 2279 728 2346 Persarum
746 2283 841 2371 crpia
968 2283 971 2292 ’

79 2401 239 2492 Explere
257 2401 391 2467 illorum
412 2399 613 2466 Tartaream
630 2399 808 2487 iuplum'em
821 2413 945 2493 potest.

79 2521 204 2612 Inique
221 2521 350 2586 domiui
363 2523 470 2586 seruis
488 2528 624 2586 utuntur
642 2526 736 2599 suis,

79 2642 132 2708 Ilt
149 2645 244 2708 serui
259 2644 371 2730 inique
389 2639 531 2706 domiuis
549 2661 633 2706 rzuuc
643 2651 771 2732 parent
787 2647 857 2710 suis
868 2668 879 2709 .·
949 2629 952 2641 ’

80 2761 144 2830 Sic
149 2763 201 2852 stt
217 2762 382 2841 rzuitroli,
405 2759 584 2850 quodfieri
591 2759 720 2848 justum
728 2764 835 2851 foret.

79 2885 232 2962 Portum,
248 2884 416 2971 popinas,
438 2878 540 2965 cellas
549 2885 807 2974 promptuarias
899 2924 902 2932 ·

85 3001 270 3071 Occluduut
285 3001 377 3066 mille
394 3000 538 3074 clavibus
549 3003 657 3091 parci
680 3023 780 3072 senes.

85 3123 182 3210 (tuae
198 3128 256 3186 uir
274 3121 432 3208 lepitimis
449 3119 583 3185 concedi
598 3124 689 3187 uatis
706 3120 837 3203 uolitat,

80 3242 186 3311 Serui
196 3243 338 3331 fiuaces
349 3288 359 3321 ,
381 3241 595 3332 versipelles,
620 3241 760 3324 callidi,

85 3362 230 3430 Occlusa
246 3359 339 3426 mille
354 3359 499 3425 claribus
518 3359 585 3424 sili
602 3368 774 3426 reserant:

79 3484 277 3570 Furtimque
297 3488 456 3570 raptant,
480 3487 690 3563 consumuat,
713 3481 892 3570 lipuriuut.

86 3602 229 3673 Geuteua
247 3621 409 3690 uunquam
417 3601 521 3689 fitrta
538 3599 668 3666 dicturi
682 3623 788 3672 cruce.

83 3722 144 3791 Sic
161 3724 347 3788 servitutem
365 3721 568 3786 ulciscuntur
585 3724 676 3786 serui
697 3724 782 3788 moli

83 3843 171 3910 Risu
180 3843 343 3932 jocisque.
391 3838 451 3908 Sic
468 3864 547 3929 erpo
565 3842 738 3924 concludo,
762 3844 851 3934 quod

84 3962 204 4031 Servos
211 3962 336 4051 fideles
355 3962 546 4028 liberalitas
555 3964 662 4051 facit.

84 4085 158 4174 Lyc.
192 4081 293 4150 Recte
311 4083 440 4173 quidem
459 4091 494 4148 tu
504 4131 515 4164 ,
539 4081 600 4147 sed
614 4105 678 4148 uou
687 4087 834 4174 parteis,
857 4094 894 4152 ut
911 4087 996 4151 milti

85 4205 271 4273 Pollicitus.
320 4202 447 4268 Verum
468 4206 502 4268 si
518 4211 549 4268 te
558 4205 663 4292 facio
677 4205 836 4286 liberum,

86 4325 213 4393 lieddcs
223 4373 234 4406 ,
257 4323 347 4415 quod
364 4320 490 4414 cupio?
534 4322 638 4391 Strob.
672 4323 834 4390 reddam:
855 4323 917 4391 sed
931 4333 1029 4391 testes
1051 4327 1122 4392 uolo

88 4444 225 4526 Adsiut,
250 4445 415 4532 ipaosces,
442 4441 684 4532 loere;‘parum
704 4440 803 4509 credo
820 4443 892 4513 tibi.
