2876 4814
357 1049 360 1060 '
441 1043 919 1130 PRAEFATIO.

598 1433 754 1464 «000-

173 1763 234 1866 υἱ
246 1799 475 1889 satisfacerem
490 1796 716 1865 conuectudiui
734 1796 919 1887 leqilmsqne
934 1793 1163 1876 Academicis,
1184 1819 1256 1888 spc-

102 1925 205 1987 cimen
219 1919 278 1986 hoc
295 1920 513 2009 qualecumque
527 1917 621 1984 edidi
625 1941 637 1998 ,·
658 1921 694 1983 iu
712 1941 773 2008 quo
782 1916 984 2006 judicando,
1002 1918 1256 1983 lectorumleue-

101 2042 275 2107 volentium
288 2040 438 2130 inploro.
462 2037 564 2106 Nemo
573 2040 656 2104 enim
670 2041 791 2104 uirium
805 2060 950 2104 mearum
965 2040 1136 2102 tenuitatis
1146 2040 1257 2126 maqis

101 2164 247 2228 conscium
273 2182 343 2226 csse
360 2153 492 2251 potest,
525 2181 622 2250 quam
647 2161 718 2248 ipsc
745 2180 815 2224 sum
839 2180 917 2246 eqo:
938 2180 1036 2248 quom
1062 2158 1098 2223 ol
1123 2179 1258 2225 causam

99 2284 224 2347 auxius
240 2279 327 2346 milri
344 2280 445 2344 sreliit
463 2281 584 2358 timor,
607 2279 770 2366 copitauti
779 2327 789 2358 ,
812 2299 861 2343 mc
881 2282 918 2343 iu
927 2277 1095 2366 judicium
1105 2279 1258 2368 faculta-

102 2381 187 2466 tclns
208 2402 288 2466 meis
309 2403 447 2488 qromus
469 2420 538 2464 esse
559 2405 739 2466 aucturum.
780 2465 785 2478 ,
882 2375 884 2382 ,

146 2517 283 2585 Interea
298 2520 382 2585 lanc
395 2517 481 2582 milri
496 2518 636 2584 oblatam
645 2519 782 2607 arripio
792 2522 988 2584 memnonem
995 2569 1006 2600 ,
1019 2521 1155 2606 quatias
1164 2516 1261 2584 Vobis

100 2640 226 2728 aqcndi
232 2689 242 2720 ‚
259 2637 328 2704 Viri
343 2636 528 2718 Clarissimi,
544 2640 604 2727 qui
621 2645 653 2702 et
662 2637 801 2728 prillica
820 2640 1044 2718 institutione,
1067 2643 1099 2701 et
1107 2639 1261 2728 privatis

92 2760 288 2849 praeceptis
313 2758 544 2848 consiliisque,
577 2778 675 2822 cerae
696 2755 895 2822 cruditionis
909 2757 1025 2848 sontes
1046 2756 1133 2822 uiti
1154 2761 1260 2824 easti-

101 2881 192 2943 tistis
207 2879 382 2956 uberrimi,
402 2897 444 2941 ea
457 2877 587 2966 quibus,
606 2880 733 2942 utinam
749 2885 875 2942 tantum
884 2878 1089 2969 profecerim
1105 2886 1261 2967 quantum

91 3001 288 3088 potuissm
327 2996 433 3063 Nulla
455 2997 528 3063 dies
547 2996 631 3062 milri
650 2997 909 3064 recordationem
927 2997 1054 3065 Vestrae
1076 2999 1261 3064 humanita-

100 3119 163 3198 tis,
187 3116 376 3207 Vestraeque
395 3139 478 3206 erqa
495 3139 545 3182 me
562 3119 796 3186 benevolentiae
818 3142 960 3209 uuquam
983 3121 1092 3186 delere
1109 3123 1259 3210 poterit,

101 3258 173 3300 aem
191 3236 327 3302 assidue
343 3258 492 3327 semper,
515 3237 604 3326 quod
617 3238 701 3303 mc'lri
716 3241 806 3305 ritae
824 3241 969 3329 spatium
986 3237 1139 3318 dabitur,
1163 3261 1260 3306 corta-

101 3363 197 3421 turus
223 3380 314 3438 urm,
341 3379 381 3422 ne
406 3358 541 3447 infilici
555 3380 702 3448 prorsas
725 3342 874 3425 successu
900 3380 1033 3450 operam
1058 3367 1201 3426 oestrum
1223 3363 1261 3425 in

99 3499 152 3540 mc
176 3480 354 3568 impensam
383 3499 453 3543 esse
477 3481 675 3568 queramini.
726 3477 870 3546 Gratias
884 3501 954 3570 pro
973 3482 1079 3547 tantis
1098 3480 1260 3569 beneflciis

101 3595 221 3676 Vobis,
252 3597 321 3664 Viri
350 3596 540 3680 Clarissimi,
572 3601 701 3689 referre
722 3600 828 3691 plane
851 3621 992 3690 nequco;
1025 3599 1152 3668 delitus
1181 3601 1259 3690 diq-

100 3738 226 3806 nasque
247 3741 348 3807 aqere
372 3722 429 3784 mir
447 3741 601 3811 possem:
645 3719 721 3785 Hoc
748 3727 855 3785 tomen
877 3719 976 3786 Vobis
990 3741 1191 3811 persicarum
1212 3724 1261 3786 sit

100 3859 183 3925 roqo
193 3886 203 3917 ,
226 3841 293 3902 mei
306 3859 356 3903 me
366 3841 491 3929 prius,
514 3861 611 3928 qnam
630 3836 732 3905 Vestri
749 3841 891 3904 nominis
908 3861 979 3904 esse
996 3840 1181 3910 obliturum.
1229 3886 1236 3892 -

146 3954 259 4046 Neque
280 3959 437 4046 inqratae
452 3961 571 4024 mentis
588 3960 710 4023 crimen
730 3957 871 4048 eeffiqere
889 3981 1040 4050 possem,
1062 3963 1134 4026 nisi
1149 3968 1181 4026 et
1198 3958 1260 4060 Vos

100 4077 351 4166 compellarem,
387 4077 455 4144 Viri
481 4077 677 4161 Doctissimi,
713 4081 829 4169 quibus
859 4089 978 4162 antea,
1010 4084 1047 4146 iu
1080 4081 1261 4169 Gymnasio

99 4193 320 4263 Hartemensi
331 4199 584 4290 Praeceptoribus
597 4203 650 4266 uti
662 4199 747 4266 mili
764 4203 920 4290 contiqit;
938 4205 1012 4293 qui,
1029 4201 1145 4267 sedula
1159 4223 1258 4280 acra,

99 4317 239 4384 assiduo
266 4320 394 4399 sardio,
429 4325 627 4412 eqreqiaquc
657 4321 838 4412 disciplina
865 4345 915 4387 mc
943 4323 1080 4388 Literas
1112 4321 1260 4422 Graecas

101 4436 305 4532 Laturasque
326 4441 497 4514 docuistis.
