2876 4814
646 253 694 328 33

21 445 158 519 Mihi
191 471 264 518 rese
280 447 393 538 juber,
412 445 519 538 pipulo
537 443 676 512 differem
695 447 749 516 hic
766 461 839 518 ente
857 448 950 518 cedis.
970 489 1015 504 -

29 571 168 658 Quid
198 593 254 662 ego
271 589 354 635 nune
370 567 483 658 agam?
502 589 560 633 nee
578 589 634 656 ego
655 567 765 659 edepol
785 571 854 636 reni
872 571 934 637 huc
953 569 1207 662 cospiciome103

27 693 75 759 N
78 713 234 756 ummo
253 711 319 755 sum
337 685 522 755 conductus:
544 687 613 776 plus
627 689 691 777 jem
709 689 830 756 medico
847 691 990 759 mercede
1009 715 1084 782 opus
1100 706 1156 764 est.

35 813 181 880 Eue.
208 810 276 875 Hoc
287 805 410 897 quidem
420 805 523 872 hercle
529 855 540 886 ‚
556 829 679 897 quoquo
690 808 760 890 ibo,
775 833 897 877 mecum
908 812 985 892 erit,
1000 833 1122 878 mecum
1132 811 1246 894 feram,
1261 835 1304 886 3³.

35 930 207 1018 Neque
224 929 303 1006 istac
321 927 353 991 in
371 926 463 993 tontis
480 925 604 1016 periclis
623 950 758 1017 unquam
776 928 967 997 committam
987 942 1022 997 ut
1041 931 1110 1000 siet.

43 1051 122 1117 Ite
150 1071 234 1115 sene
250 1063 331 1112 nunc
344 1047 411 1134 jam
430 1045 511 1110 intro
528 1067 632 1112 omnes
642 1094 652 1127 ,
672 1058 704 1112 et
721 1049 812 1136 coqoi
823 1098 833 1129 ,
853 1061 885 1115 et
905 1049 1072 1132 tibicinoe;

48 1169 223 1248 Etiam,
244 1163 425 1243 introduce,
444 1165 469 1230 si
487 1164 530 1230 vis
541 1214 551 1245 ,
570 1166 618 1231 rel
637 1188 759 1256 gregem
782 1168 944 1239 renalium.

55 1287 250 1377 Coquite,
271 1285 364 1351 facite
374 1334 384 1366 ,
403 1285 544 1350 festinate
560 1307 641 1351 nunc
655 1289 721 1376 jam
741 1300 890 1376 quantum
908 1287 1006 1356 lubet.

65 1407 204 1493 Ceno.
237 1405 400 1496 Temperi3
423 1417 585 1495 postquam
603 1406 768 1496 implevisti
787 1407 860 1474 fusti
880 1406 1017 1476 fissorum
1038 1419 1142 1498 caput.
1261 1425 1306 1480 to.

64 1525 185 1594 Euo.
214 1524 298 1592 Intro
316 1523 387 1592 obi:
410 1547 502 1614 opere
522 1523 583 1590 huo
602 1525 752 1592 conducta
771 1539 817 1592 est
835 1540 953 1609 vestro,
972 1526 1159 1596 non'oretio.

71 1644 477 1733 Cm19.}leu,sener‚pro
488 1643 770 1734 vapulandohercle
779 1666 834 1736 ego
844 1647 898 1712 abs
907 1659 938 1712 te
947 1644 1119 1712 mercedem
1129 1656 1245 1735 petcm3

73 1760 226 1829 Goctom
247 1783 302 1851 ego
313 1811 323 1843 ,
342 1785 403 1829 non
421 1763 597 1851 repolctom
616 1761 734 1828 dudum
753 1764 921 1832 conductos
939 1764 996 1834 fui.

71 1883 183 1952 Eue.
211 1882 293 1972 Lege
311 1883 393 1972 cgito
413 1904 554 1951 mecum:
575 1883 718 1960 molestos
735 1905 775 1948 ne
792 1883 852 1966 eie3
874 1885 907 1960 i,
926 1897 958 1950 et
977 1905 1102 1951 coenem
1123 1905 1222 1972 coque

77 1999 163 2067 Aut
180 2001 232 2066 ebi
251 2001 281 2068 io
299 2001 413 2066 molum
430 1999 601 2066 cmciotum
621 2001 661 2066 ab
679 2000 817 2074 oedibus.
868 2002 969 2091 Conq.
997 2002 1051 2068 obi
1068 2015 1103 2070 tu
1121 1999 1225 2071 modo.
1262 2019 1305 2071 to.

122 2250 174 2300 32.
208 2248 350 2316 Differam.
376 2249 652 2313 Itifferre‚inquit1to·
773 2265 827 2300 πολι
839 2249 928 2316 fietile
946 2249 1054 2300 hebere·
1070 2254 1161 2315 caput.

78 2341 169 2402 niue,
182 2341 250 2391 velet
258 2338 383 2388 interdum
392 2340 533 2400 diffamare,
547 2345 573 2390 et
582 2340 651 2392 hunc
691 2339 730 2392 Ad
746 2341 960 2396 eonetructionem
975 2340 1043 2404 quod
1056 2341 1165 2404 attinet,
1180 2338 1250 2390 cons.

82 2431 278 2481 locumeffertr
294 2431 369 2482 etiem
384 2430 512 2480 Terentiae
527 2431 576 2481 hoe
592 2449 655 2482 cens
691 2432 794 2484 lucion.
808 2432 846 2502 'in
866 2432 962 2482 Timon.
983 2447 1038 2496 cop.
1057 2430 1101 2482 57.
1126 2431 1191 2498 φέρε
1210 2443 1252 2479 coe

83 2536 120 2570 eu
142 2525 256 2588 murpet,
291 2520 356 2571 ont.
374 2521 409 2572 11.
429 2519 454 2570 4.
471 2520 497 2574 4.
691 2524 741 2587 τὴν
762 2520 882 2588 κεφαλὴν
901 2519 1025 2588 ἐμπλήσω
1042 2519 1189 2570 κονδύλων.

168 2615 315 2664 orationem
331 2619 422 2678 eperat
439 2613 572 2662 iamim
588 2627 631 2673 ee,
723 2610 768 2660 44.
803 2611 871 2678 Leqe
888 2613 962 2679 agita
978 2625 1098 2662 meeum:
1116 2612 1172 2676 lege
1189 2625 1249 2675 ege·

91 2701 275 2770 Quadifferat
290 2711 324 2754 te.
348 2705 438 2753 Graeci
452 2689 560 2752 utuntur
573 2703 651 2752 verbo
691 2718 718 2752 re
737 2717 795 2752 cum
815 2704 918 2766 aliquo,
944 2702 984 2752 rel
1004 2704 1030 2752 in
1048 2704 1175 2768 aliquem,
1200 2701 1249 2751 du·

90 2791 287 2843 ἐνδατεῖσθαι.
296 2794 595 2861 Eurip.11ercul.sur.218.
606 2790 651 2842 ii·
691 2794 783 2860 plicem
809 2793 888 2842 hebet
914 2793 1139 2858 significationem.-
1169 2794 1249 2860 primo

91 2881 568 2952 yovgdistinetioneiriaeoiaeroe.
592 2883 649 2934 vid.
691 2888 764 2934 notat
781 2884 900 2948 injure,
921 2883 963 2945 id,
983 2885 1051 2948 qood
1068 2886 1123 2950 lege
1143 2883 1250 2949 quedem

92 2963 651 3045 interpreteerdiiee’ychSophocffraehr79l.
691 2975 834 3025 institutum
859 2978 914 3036 eet,
942 2991 1031 3040 agere,
1055 2979 1085 3025 ut
1103 2975 1153 3025 hoc
1172 2975 1248 3034 loco,

110 3069 145 3119 τὸ
161 3067 344 3136 δι’ςπάρευνον
358 3065 471 3134 λέκτρον
484 3063 651 3125 ἐνδατούμι-
691 3071 718 3116 ei
736 3067 835 3115 Terent.
855 3066 958 3118 Phorm.
978 3066 1010 3118 V.
1030 3066 1054 3118 7.
1071 3066 1114 3116 91.
1136 3064 1180 3113 uhi
1197 3064 1250 3112 Do·

581 3154 650 3220 (roe,
690 3161 744 3209 nat.
760 3157 839 3209 haec:
855 3157 992 3207 dicebatur
1006 3159 1032 3206 ei
1047 3156 1250 3220 cujoeimtemtio

93 3252 140 3303 ubi
156 3253 208 3304 vid.
233 3251 342 3302 Brunck.
368 3247 463 3314 picoto
487 3245 569 3296 idest
588 3263 651 3296 con·
692 3249 880 3299 contemtibilis
893 3249 1047 3298 adversario
1063 3245 1201 3295 'videbatur
1215 3270 1247 3282 —

93 3346 160 3395 vicio
175 3344 215 3394 vel
233 3344 342 3409 ploratu.
378 3339 486 3389 Omnino
503 3337 554 3389 vid·
579 3337 651 3386 ltm-
690 3341 786 3390 Deinde
813 3339 953 3402 signifieat,
979 3336 1128 3403 supplicium
1152 3351 1249 3387 comere

92 3435 184 3498 binue,
208 3435 253 3498 qui
272 3438 342 3482 recte
361 3431 443 3480 locum
462 3429 605 3494 explicarit.
690 3429 721 3480 de
749 3430 851 3492 aliquo,
879 3428 984 3477 formula
1006 3427 1127 3492 legitima.
1163 3428 1247 3482 valer.

125 3529 170 3578 36.
212 3527 384 3576 committam.
425 3522 538 3571 Donatus
555 3519 585 3568 ad
602 3521 649 3570 Te·
690 3523 754 3570 Max.
776 3519 871 3569 nto.
892 3519 1045 3568 [iteratim
1062 3521 1248 3571 eimietramo·

93 3621 159 3668 rent.
177 3617 242 3667 And.
255 3617 277 3666 1.
289 3610 332 3664 43.
350 3614 540 3664 committimur
555 3626 651 3675 moeno
690 3626 747 3669 mu,
767 3611 838 3658 cieret
856 3617 933 3660 erant
953 3612 1084 3672 traditae,
1109 3614 1246 3678 repererit,

95 3715 121 3758 et
131 3722 198 3774 qaae
211 3706 362 3756 ectatemie
377 3704 455 3753 dubio
471 3704 580 3754 habeat:
596 3701 648 3752 rid.
691 3717 722 3752 oe
733 3702 811 3766 jurio
828 3701 922 3752 lictore
933 3703 999 3767 jure
1019 3718 1111 3768 acere,
1133 3709 1188 3752 tum
1202 3705 1248 3754 de·

95 3802 170 3850 etiem
188 3797 220 3853 cd
238 3797 303 3848 And.
325 3797 372 3846 111.
392 3795 418 3844 5.
440 3795 466 3845 3.
690 3807 762 3842 mum
778 3795 895 3858 aperuit.
919 3793 1002 3843 iiviue
1018 3795 1106 3846 XXVI.
1127 3795 1167 3844 to.
1183 3795 1249 3844 rur-

127 3889 171 3942 λθ.
208 3887 356 3954 implevisti
369 3887 444 3953 serati
459 3886 588 3951 fictorum
606 3898 650 3932 ca·
691 3885 752 3934 aiae
773 3886 905 3949 praeconi
927 3886 1087 3950 imperavit,
1116 3891 1146 3934 ut
1170 3886 1249 3936 iicto-

94 3989 152 4050 μή.
187 3981 255 4030 Pinea
272 3983 332 4028 eunt
348 3979 452 4028 vulnere
470 3980 500 4026 ut
516 3975 590 4045 paulo
606 3991 651 4024 eu·
692 3988 747 4024 rem
762 3973 816 4040 leae
829 3991 907 4040 acere
917 3975 1041 4040 juberet:
1060 3975 1122 4025 ibid.
1141 3976 1182 4027 16.
1195 3975 1246 4025 rid.

18 4061 21 4070 ⁴
96 4091 140 4148 pre
155 4074 240 4127 eedem
259 4086 335 4123 ecem
353 4085 419 4122 rere.
439 4059 482 4120 26.
690 4065 788 4119 Emeet.
806 4065 871 4119 clav.
893 4065 1056 4119 Cicer.'voce
1075 4064 1136 4114 Lea.

588 4321 765 4349 ...ομ-..-
