2876 4814
713 277 760 356 tt

380 525 515 600 soros
538 527 744 618 orsurus.
789 529 925 602 sonna
948 533 1090 604 rurus.

651 735 835 789 ennomus.

162 948 231 1020 lice
248 961 293 1018 est
310 949 388 1018 seni
406 949 524 1020 lacinus
542 951 645 1044 frugi,
665 953 766 1022 lacere
784 953 867 1045 quod
886 977 941 1046 eqo
957 977 1139 1046 persequor:

162 1069 242 1140 Nam
261 1070 316 1161 qui
333 1069 407 1138 bero
426 1093 462 1138 er
480 1071 629 1140 sententia
649 1073 761 1140 servire
778 1095 880 1141 sersus
896 1075 1029 1164 postulat
1039 1124 1050 1156 ,

161 1189 200 1256 ln
217 1187 327 1255 bemm
344 1202 486 1270 matura,
506 1191 538 1256 in
556 1213 588 1258 se
605 1213 670 1258 sera
687 1191 834 1260 condecet
852 1213 1028 1283 capessere;

161 1309 228 1378 Nee
245 1329 348 1376 morae
366 1307 584 1400 molestiaeque
603 1309 767 1401 imperium
787 1309 885 1378 lrerile
905 1310 1017 1377 babeat
1035 1297 1104 1379 sibi.

122 1443 152 1498 o.
162 1427 216 1498 Sin
235 1427 404 1509 dormitet,
426 1427 468 1496 ita
485 1427 653 1512 dormitet,
672 1452 791 1498 serrum
810 1453 875 1498 sese
894 1443 928 1497 ut
946 1430 1070 1521 cogitet.

161 1549 241 1618 Nam
260 1549 313 1639 qui
332 1551 448 1617 amenti
468 1550 543 1616 bero
561 1551 737 1618 servitutem
756 1549 869 1632 servit,
889 1551 976 1641 quasi
993 1573 1049 1640 ego
1068 1548 1185 1630 servio,

160 1667 195 1738 Si
214 1667 324 1734 berum
343 1667 428 1736 ridet
445 1690 587 1760 superare
602 1692 764 1766 pmorem,
784 1669 844 1736 boe
863 1669 940 1737 cerri
958 1691 1021 1736 esse
1039 1667 1174 1736 officium
1191 1691 1284 1750 secr,

160 1787 306 1856 Retinere
324 1785 364 1853 sd
383 1788 532 1858 salutem:
552 1811 614 1855 non
634 1811 705 1854 eum
717 1839 727 1871 ,
740 1811 809 1880 quo
828 1788 987 1864 incumbat
997 1835 1008 1868 ,
1026 1809 1062 1854 eo
1083 1789 1253 1880 impellere.

162 1907 254 1996 Quasi
274 1907 397 1998 pueris,
419 1909 474 2000 qui
491 1929 565 1974 aare
585 1906 727 1989 discunt,
747 1910 864 2000 scirpeo
882 1907 1021 1974 induitur
1037 1908 1131 1990 ratis,

107 2045 150 2098 10.
161 2028 221 2115 Qui
238 2027 378 2096 laborent
396 2029 518 2110 minus,
540 2027 660 2094 facilius
680 2041 714 2094 ut
731 2039 827 2109 nent,
847 2041 878 2094 et
896 2041 1038 2094 morcant
1056 2049 1185 2110 mauus3

159 2147 206 2214 Eo
224 2145 317 2214 modo
336 2169 452 2214 surum
472 2160 569 2214 ratem
588 2169 652 2216 csse
670 2147 786 2214 amanti
805 2147 880 2214 berc
898 2169 1012 2238 equum
1031 2169 1163 2229 censeo,

162 2267 207 2336 Ut
224 2267 353 2349 toleret,
371 2289 411 2332 ne
429 2289 550 2358 pessum
570 2266 682 2348 abeat,
703 2279 849 2357 tanquam
860 2313 958 2338 .....

163 2385 241 2455 lleri
258 2386 424 2478 imperium
443 2385 579 2468 ediscat,
598 2400 655 2469 ut,
676 2386 759 2477 quod
776 2387 858 2455 frons
877 2389 970 2469 relit,
990 2383 1071 2452 oculi
1089 2384 1203 2467 sciant;
1311 2397 1314 2404 '

165 2504 254 2592 Quod
266 2506 396 2596 jubeat,
415 2504 484 2572 citis
502 2504 659 2596 quadrigis
677 2507 768 2573 citius
786 2520 930 2597 properet
949 2505 1105 2597 persequi.

105 2639 149 2695 to.
166 2625 226 2713 Qui
245 2648 282 2692 ea
299 2625 440 2706 curabit,
460 2625 627 2692 abstinebit
644 2628 786 2692 censione
804 2626 941 2705 bubula,

164 2745 231 2816 Nec
249 2769 301 2813 sua
321 2767 413 2838 opera
433 2768 568 2838 unquam
589 2744 707 2838 rediget
725 2746 757 2811 iu
777 2743 969 2836 splendorem
988 2741 1163 2834 compedes.

164 2867 257 2938 Nune
275 2864 366 2932 herus
382 2887 469 2932 meus
488 2878 570 2932 amat
589 2865 684 2932 liliam
704 2863 795 2956 hujus
813 2865 969 2933 Euclionis
988 2862 1151 2956 pauperis:

197 3177 225 3229 2.
261 3177 330 3229 Nosse
348 3177 395 3243 qsts'
417 3176 479 3227 lero
495 3148 530 3213 ...
550 3171 642 3224 inient
660 3173 721 3226 sibi.
763 3173 860 3224 locutio
883 3185 945 3239 pro.
972 3172 1077 3221 maxims
1100 3185 1157 3220 cum
1179 3168 1320 3220 celeritate.

164 3270 310 3321 scottorum
328 3275 430 3320 secutus
449 3281 520 3327 sum,
545 3266 657 3317 ordinem
674 3267 723 3316 hc·
764 3265 842 3330 Saepe
871 3279 900 3314 ess
924 3263 1030 3314 Plautus
1055 3261 1145 3342 utitur.
1180 3259 1284 3326 Amph'..
1298 3259 1321 3313 1.

163 3375 220 3410 rum
238 3375 356 3410 versuum
371 3363 520 3409 mutantem.
766 3355 790 3407 l.
810 3354 872 3405 294.

200 3448 241 3499 12.
277 3455 414 3514 tanquam.
443 3451 500 3498 lise.
517 3449 631 3499 lacunam
648 3463 723 3513 prae·
781 3445 925 3512 quadripes
942 3445 1057 3496 sinerer
1076 3441 1305 3494 tesmmstosts

163 3539 243 3598 beni,
271 3542 302 3587 ut
336 3538 452 3604 perbibet
485 3539 637 3599 Lambinus,
666 3541 724 3605 post
763 3539 835 3589 Asin.
851 3537 887 3589 11.
906 3537 932 3586 2.
952 3537 992 3586 13.
1015 3537 1093 3586 Poen.
1113 3536 1135 3586 l.
1150 3536 1177 3585 2.
1199 3534 1258 3586 too.

163 3636 309 3694 tuaquom,
329 3645 404 3693 qnam
423 3631 523 3696 expiere
542 3634 648 3680 conatus
666 3633 720 3690 est,
780 3629 858 3679 illusa
867 3628 949 3694 jubeo
963 3625 1257 3693 quodriqa'soursirrsod
1264 3639 1320 3675 ocr-

163 3720 256 3775 sddens
274 3721 550 3785 catapiratesmcris.
594 3714 742 3772 Srslruosios¹
1115 3717 1233 3784 (srijicem
1251 3715 1318 3780 rupi.

163 3825 240 3872 reru,
272 3823 367 3873 negans
391 3809 521 3860 codicibus
549 3810 630 3860 inesse
652 3811 724 3861 laco·
799 3807 839 3858 lo.
885 3811 1009 3859 cesssiosss
1040 3809 1145 3858 bubulo.
1197 3804 1320 3858 Turnebus

162 3919 239 3962 nam,
260 3903 296 3952 sic
313 3900 471 3951 scribendum
491 3905 578 3951 censet
764 3902 835 3949 recte
852 3901 986 3965 explicarit
1000 3900 1103 3951 dicens:
1119 3900 1261 3950 censionem
1274 3896 1319 3946 bu·

185 3989 675 4062 Tamqueberilsimperirssrssdiseot‚
693 3998 725 4042 es
764 3989 848 4039 bulanu
885 3991 976 4041 festive
1011 3991 1111 4041 roserit
1145 3989 1248 4040 verbera
1276 3988 1322 4039 lori

254 4085 427 4153 (qucdsrcns
442 4083 522 4143 colit,
541 4083 612 4133 oossli
626 4085 722 4134 scium.
763 4079 868 4140 bchori,
897 4081 971 4145 cujus
995 4096 1101 4132 censura
1119 4081 1146 4130 iu
1164 4095 1248 4131 sessos
1269 4079 1319 4129 sni·

162 4179 182 4229 i.
200 4193 224 4230 e.
251 4177 321 4230 adeo
347 4177 443 4227 ediscat
468 4173 598 4241 imperium
624 4173 722 4248 herile,
764 4170 939 4223 madvertitar.
957 4173 1048 4236 ltaque
1063 4173 1168 4234 censio,
1185 4187 1250 4235 quse
1265 4187 1319 4237 pro·

162 4271 193 4315 ut
208 4268 277 4330 quod
292 4269 377 4318 vultus
390 4268 454 4318 velit
469 4267 541 4326 heri,
562 4282 618 4318 enm
635 4265 724 4316 riden-
764 4264 819 4328 prio
835 4265 875 4312 est
894 4265 1064 4324 aestimatio,
1082 4264 1208 4328 τίμησις,
1226 4261 1269 4312 bio
1284 4266 1319 4313 est

159 4354 198 4402 dc
212 4357 295 4418 norit.
465 4387 467 4394 ι
763 4351 978 4411 animaduersio,
1009 4353 1135 4420 τιμωρία.
1172 4351 1229 4402 vid.
1255 4351 1318 4402 insu·

196 4441 236 4488 14.
282 4445 346 4493 citis
374 4447 528 4512 quodriqirr
559 4441 722 4512 proverbialis
763 4452 808 4503 per
826 4437 914 4486 testu·
931 4440 957 4486 in
976 4453 1047 4488 roco.
