2932 4812
738 245 785 320 tt

191 437 300 507 Strod.
328 436 522 505 Pulmentum
542 434 662 530 pridem
684 437 786 506 eidem
805 439 919 530 eripuit
935 439 1067 522 miliino3

189 555 291 624 Homo
308 555 347 624 ad
363 568 536 649 praetorem
554 555 799 648 deplorabundus
815 557 916 626 venit:

189 675 263 744 Infit
282 675 328 742 ibi
346 675 518 766 postulare,
535 677 673 767 pintana.
697 677 832 768 ejulans,

127 807 169 862 tu.
187 797 231 866 Ut
248 795 309 862 ribi
326 796 433 864 liceret
451 796 583 862 miliium
600 793 749 866 radarrer.

185 917 333 985 Sexcenta
351 926 418 982 sunt
435 936 514 1004 quae
533 937 721 998 memorem,
741 917 765 983 si
783 915 823 983 eit
841 916 949 984 otium.

185 1034 247 1104 Sed
266 1049 334 1103 nter
351 1045 520 1101 rostrorum
537 1047 582 1102 est
601 1035 753 1103 celerior?
773 1058 909 1103 memora
926 1035 1016 1106 mihi.

189 1154 289 1243 Conq.
314 1153 399 1244 Ego,
411 1165 445 1220 ut
455 1154 553 1222 multo
562 1155 681 1226 melior.
711 1154 820 1225 Strod.
832 1178 941 1223 cocum
955 1179 1028 1246 ego,
1044 1177 1105 1223 non
1116 1154 1233 1236 furem,
1249 1176 1336 1246 rogo.

188 1273 289 1362 Gany.
310 1269 492 1363 Cocumego
504 1271 584 1344 dico.
606 1272 715 1344 Strui.
727 1274 925 1365 qnidtnais?
944 1275 1024 1344 Ant.
1045 1275 1334 1358 ciosum,utridee.

125 1404 169 1458 te.
188 1392 289 1481 cono.
315 1389 412 1458 Gneus
431 1392 483 1458 ille
500 1391 674 1460 nundinalia
693 1404 756 1463 eat:
779 1392 812 1459 in
829 1416 945 1461 nonum
964 1393 1048 1460 diem

184 1511 269 1581 Solet
287 1513 332 1579 ire
350 1523 483 1582 coetum.
528 1512 609 1582 Ant.
640 1514 740 1594 Tun',
759 1514 854 1580 trium
872 1514 1029 1580 literarum
1047 1511 1158 1592 homo,

184 1632 236 1702 Me
253 1632 431 1724 vituperas?
449 1630 501 1697 fur
511 1680 521 1714 ,
539 1632 633 1699 etiam
651 1634 701 1699 fur
710 1682 720 1714 ,
740 1631 925 1700 trifurcifer!

185 1750 294 1823 Strod.
315 1751 395 1818 Tace
403 1772 486 1818 nunc
490 1753 556 1840 jam
567 1765 616 1822 tu:
630 1764 721 1842 atque
730 1774 861 1843 agnum,
872 1751 982 1819 horum
992 1763 1059 1818 nter
1069 1764 1113 1817 est
1121 1750 1276 1842 pinguior.
1286 1799 1295 1819 .
1305 1799 1334 1820 ..

183 1872 264 1968 Ant.
298 1870 396 1941 Licet.
445 1868 553 1939 Strob.
582 1883 616 1938 tn
627 1921 637 1952 ,
657 1872 807 1963 Congrio,
827 1894 898 1938 eum
915 1894 1084 1944 sume....

124 1998 168 2054 eo.
186 1992 288 2082 Atque
307 1989 360 2054 abi
378 1990 459 2056 intro
476 1989 570 2073 illuc,
589 2003 621 2056 et
639 2011 690 2057 roa
707 2013 778 2058 eum
798 1991 978 2081 sequimini;

182 2111 245 2178 Vos
262 2107 356 2177 ceteri
375 2108 448 2176 illuc
467 2106 506 2173 ad
524 2131 589 2179 nos.
635 2109 715 2179 Ant.
745 2108 848 2178 hercle
866 2109 976 2199 injurie

183 2327 350 2380 defraudare?
392 2327 424 2376 ut
448 2327 592 2378 mehercule
621 2328 740 2380 convenit
800 2327 916 2379 Vadatur
931 2328 975 2378 iic
989 2328 1187 2376 ana-ortano
1201 2325 1335 2376 oadrada·

184 2418 332 2480 admodum,
352 2418 608 2482 utquiaridiaaimam
618 2420 739 2484 patrimo·
929 2439 931 2446 ·
963 2417 1046 2484 (aiot,
1066 2419 1097 2468 ἐκ
1113 2433 1217 2468 narcara
1231 2423 1262 2466 ut
1278 2419 1334 2467 aiat

184 2511 251 2560 niam
270 2509 336 2558 nenia
354 2508 479 2568 audieret,
505 2509 532 2558 in
551 2510 635 2569 tumn,
657 2525 738 2574 aqua,
780 2511 931 2577 Simpliciter
947 2509 1070 2575 accipitur
1086 2525 1131 2575 pro
1148 2509 1178 2558 ira
1191 2511 1242 2573 joa
1257 2523 1334 2558 oocu-

184 2599 413 2669 praeaegminihua,
432 2598 498 2648 idem
516 2599 660 2649 acieeitetnr
678 2616 741 2664 quaa
780 2616 818 2652 re.
852 2600 911 2651 vid.
931 2600 1041 2651 Gronov.
1056 2600 1127 2650 leet.
1145 2599 1229 2652 urana
1247 2615 1273 2664 p.
1288 2599 1332 2650 di.

184 2688 383 2748 commendet,
403 2691 495 2751 etqua
513 2688 740 2740 inuictueitmi-
779 2707 834 2754 aeq.
886 2691 1037 2754 Ceteroquiu
1065 2690 1128 2740 haec
1155 2691 1266 2740 imitetur
1294 2693 1335 2739 eat

184 2780 267 2840 aeria,
286 2779 359 2842 cuju·
378 2779 416 2828 rei
433 2778 529 2842 insigne
548 2781 686 2846 exemplum
702 2781 740 2832 al·
780 2781 922 2842 diederico,
939 2782 1048 2831 L’Arare
1065 2782 1125 2831 Act.
1143 2779 1193 2830 111.
1211 2781 1284 2831 Scen.
1301 2779 1335 2829 V.

184 2875 225 2920 ter
241 2867 346 2934 auhjicit
364 2869 390 2918 in
407 2869 547 2934 pulmento.
783 2871 900 2922 Geirei-td
916 2876 990 2921 conta
1009 2871 1109 2946 qaa’aana
1120 2869 1181 2938 fota
1196 2886 1260 2922 noua
1271 2870 1335 2936 fitea

217 2961 261 3011 38.
296 2959 519 3025 deplorationem.
561 2961 622 3010 nnn
644 2959 740 3024 aignifi·
780 2965 901 3028 neaipaar
915 2963 940 3012 ie
954 2961 1015 3020 etat
1030 2962 1098 3011 d’uaa
1111 2963 1143 3011 de
1158 2976 1203 3012 aaa
1217 2963 1333 3022 caietae,

185 3055 226 3104 cat
244 3067 321 3116 quana
337 3051 419 3115 flent,
447 3053 561 3118 ejulans,
586 3054 738 3104 lamentant:
777 3069 849 3120 porea·
865 3068 930 3104 eoae
952 3054 1028 3102 oooir
1044 3057 1138 3118 monpt
1160 3068 1199 3103 ure
1216 3058 1284 3102 reate
1301 3053 1335 3102 da

183 3147 256 3196 notat
294 3144 361 3194 enim
394 3144 532 3210 deplorare
567 3143 740 3210 desperatione
779 3146 853 3210 pipat
870 3145 903 3193 de
921 3149 1037 3194 monton.

183 3250 285 3302 protana
300 3237 535 3300 affectne'gemere,
555 3236 621 3284 omni
637 3249 680 3301 epe
696 3251 740 3285 au·
813 3232 857 3284 tt.
894 3234 940 3285 Sic
960 3249 1019 3284 eom
1039 3239 1069 3284 art
1093 3234 1174 3285 videa.
1212 3234 1335 3286 Gruterua

183 3324 253 3376 blata
271 3327 410 3382 lamentari.
430 3347 432 3354 ⁸
452 3328 534 3378 livine
552 3327 583 3379 V.
603 3325 646 3378 tn.
665 3341 740 3376 aanor
780 3341 837 3374 eum
870 3325 940 3376 hiaoe
973 3325 1073 3376 content
1107 3325 1225 3376 Theocrit
1258 3326 1333 3390 idyll.

184 3417 296 3478 putaque
310 3405 397 3482 epioe,
415 3435 464 3469 aun
481 3417 607 3477 coneilio,
624 3432 740 3468 commu·
779 3416 881 3466 mn.
900 3415 942 3466 08.
962 3431 1016 3480 eeq.

183 3505 263 3555 aridate
280 3506 443 3571 deploratis,
471 3515 646 3574 coaequantes.
681 3506 739 3558 vir.
794 3497 961 3575 ”Αγριοςεῖ,
977 3505 1332 3575 πρὸςπάνταπαλιγκοτσς,

184 3597 289 3662 ltupart.
315 3598 347 3649 ad
371 3600 424 3651 Lir.
449 3598 498 3648 111.
517 3599 560 3648 38.
582 3600 609 3649 3.
632 3599 741 3648 .Pliniua
1093 3593 1335 3666 (dd‘a‘rrrapdrcrqc.

184 3687 216 3739 Η.
237 3687 268 3736 ii.
284 3688 341 3738 vn.
358 3687 401 3738 00.
428 3687 574 3738 rualenus
589 3689 742 3755 deploratur
800 3683 825 3733 T
825 3685 878 3742 eine
894 3684 923 3734 δ’
937 3675 993 3736 οἷον
1011 3683 1082 3755 ὁρᾷς.

183 3791 201 3826 a
218 3778 338 3828 modicia.
596 3819 598 3828 ,
814 3776 857 3828 47.
872 3799 874 3804 ,
894 3780 974 3828 atium
985 3780 1050 3843 fur:
1067 3781 1334 3844 etiomnonnunquam

217 3866 261 3918 to.
302 3867 438 3920 Vodorier.
463 3869 567 3935 Propria
582 3871 637 3929 eat,
653 3869 741 3920 vadem
781 3868 829 3918 rim
848 3868 925 3919 habet
950 3869 1111 3936 increpandi,
1137 3874 1167 3920 ut
1188 3872 1238 3920 hoc
1256 3872 1332 3934 loen,

182 3958 310 4025 pertulere
342 3958 373 4010 ab
402 3959 504 4023 aliqum
540 3959 584 4026 qui
610 3959 742 4026 promittat
782 3963 809 4010 et
826 3961 896 4011 Pera.
916 3960 952 4010 11.
971 3959 997 4009 4.
1016 3959 1042 4013 4.

182 4065 254 4100 reum
280 4047 358 4116 (unde
380 4049 525 4120 petebatur)
548 4055 659 4117 tempore
678 4065 741 4100 onn-
862 4051 1002 4124 aoeiarutel,
1023 4054 1104 4103 etiam
1121 4053 1250 4118 reapieia!

183 4142 360 4208 atitutoinjua
374 4145 507 4195 venturum
521 4141 741 4208 (adradimnniurn
779 4139 882 4191 Peteon.
907 4143 989 4208 Satyrt
1014 4159 1070 4209 cap.
1096 4144 1139 4196 21.
1169 4145 1251 4194 atium
1271 4145 1336 4194 dor·

180 4232 738 4300 uenturumiraideaereretradimonium‚i.e.
780 4235 848 4284 mira
870 4234 943 4284 cedia
965 4235 996 4284 ι’»
1019 4241 1106 4286 mente
1132 4241 1188 4286 rata
1215 4235 1260 4286 uiri
1283 4235 1333 4288 vid.

182 4315 643 4391 oistatutotenporenonadenet‚tn
653 4338 741 4374 carce·
779 4325 895 4377 Burman.
913 4329 940 4378 et
954 4328 1039 4382 Bantl.
1055 4327 1087 4378 ad
1104 4329 1204 4380 Terent.
1221 4325 1287 4376 And.
1302 4325 1332 4379 V.

182 4413 433 4478 remeom‘iciehatur.
443 4415 607 4468 iinaterl’era.
618 4413 652 4466 11.
662 4411 688 4466 t.
696 4412 739 4470 18.
778 4413 805 4465 2.
822 4415 848 4468 8.
