2876 4814
88 447 178 516 Tum
197 467 308 537 aquam
326 444 479 534 aufugisse
499 444 612 528 dicito,
634 447 658 513 si
678 445 746 538 quis
762 460 860 540 petet.

92 564 259 646 Caluum,
278 565 428 647 securim,
447 565 614 656 pistillum,
632 567 834 649 mortarium,

92 685 186 773 Quae
204 683 319 753 utenda
335 707 404 752 rasa
424 707 545 776 semper
558 684 652 754 ricini
669 699 796 776 rogant,

90 807 195 874 Fures
212 805 327 874 venisse
344 818 437 896 atquc
455 807 617 874 abstulisse
634 805 742 877 dicito.

91 925 242 993 Profecto
260 925 293 992 in
311 925 402 994 aedes
421 949 523 1008 meas,
541 949 593 992 me
610 927 753 1009 absente,
773 927 941 994 neminem*

94 1046 179 1114 Volo
197 1046 381 1131 intromitti3
402 1060 495 1139 atque
514 1047 608 1114 etiam
626 1047 686 1116 hoc
704 1046 850 1138 praedico
872 1048 927 1116 tibi
937 1097 947 1130 ,

94 1164 135 1234 Si
154 1165 238 1232 Bona
256 1166 392 1233 Fortuna
410 1167 531 1250 veniat,
551 1189 590 1234 ne
609 1167 822 1238 intromiseris.
959 1247 961 1252 ,

96 1282 221 1376 Staph.
253 1285 309 1362 Pol
327 1307 363 1352 en
382 1285 466 1378 ipsa,
486 1286 597 1370 credo,
615 1309 655 1354 ne
673 1287 917 1370 intromittatur,
931 1301 1039 1356 curet:

95 1405 180 1472 Nam
200 1403 240 1470 ad
257 1404 341 1472 aedis
359 1420 476 1476 nostras
492 1431 642 1500 nusquam
661 1407 755 1490 adiit,
776 1407 951 1499 quanquam
970 1431 1068 1501 prope
1087 1422 1142 1480 est.

95 1525 188 1595 Euo.
200 1525 293 1607 Tace,
303 1527 455 1616 atqueabi
464 1529 554 1600 intro.
566 1527 685 1622 Slaplr.
695 1530 975 1620 taceoatqueabco.
988 1530 1074 1603 Euo.
1085 1528 1214 1600 occlude
1223 1530 1263 1600 sis
1278 1557 1321 1610 25.

97 1645 195 1712 Fores
213 1647 364 1714 ambobus
383 1649 525 1740 pessulis:
542 1652 609 1740 jam
629 1673 687 1742 eqo
703 1649 758 1718 lric
777 1665 842 1721 ero.

97 1763 277 1833 Discrucior
295 1769 409 1850 animi,
431 1770 504 1858 quia
524 1770 565 1836 ab
584 1768 675 1838 domo
693 1768 871 1836 abeundum
890 1783 936 1840 est
954 1769 1044 1842 milri.

97 1884 202 1952 Nimis
219 1867 323 1952 hercle
341 1886 455 1955 inritus
476 1888 569 1959 abeo:
589 1888 644 1956 sed
663 1888 739 1982 quid
758 1913 845 1982 aqam
854 1940 865 1973 ,
883 1890 958 1962 scio.

97 2004 180 2072 Nam
202 2018 305 2072 noster
321 2020 443 2074 nostrae
461 2008 516 2100 qui
535 2021 580 2078 est
599 2011 742 2102 magister
763 2009 892 2092 Garine,

97 2123 248 2192 Iliridere
267 2127 384 2217 argenti
404 2127 480 2196 dixit
498 2151 641 2201 nummos
658 2131 691 2198 in
710 2132 806 2202 rinos:

99 2243 138 2311 ld
157 2245 183 2312 si
201 2245 360 2336 relinquo,
379 2270 416 2315 cc
434 2271 496 2316 nou
514 2263 604 2342 peto,
624 2272 730 2320 omnes
748 2250 832 2318 illico

98 2364 152 2432 llle
170 2364 380 2456 suspicentur,
400 2367 511 2450 credo,
530 2369 646 2438 habere
664 2393 773 2436 aurum
793 2370 896 2453 ‹lomi;

99 2485 182 2552 Nam
198 2507 261 2552 non
279 2499 325 2554 est
342 2486 527 2571 verisimile,
547 2490 704 2561 hominem
724 2513 891 2582 pauperem

99 2603 271 2672 Pcurillum
288 2607 375 2698 parri
394 2607 497 2676 lacere
515 2609 591 2700 quin
609 2633 771 2680 nummum
788 2625 886 2704 petat.

100 2723 182 2792 Nam
200 2747 283 2792 nuuc
301 2749 398 2818 quum
417 2730 484 2796 celo
502 2728 626 2813 scdulo,
648 2753 753 2799 omues
770 2754 811 2799 ne
828 2731 943 2812 sciant,

101 2841 219 2912 Omnes
234 2845 375 2916 ridentur
392 2849 490 2932 scire,
509 2863 541 2917 et
557 2873 609 2918 me
627 2851 791 2942 benignius

102 2960 218 3031 Omnes
236 2964 381 3052 salutant,
401 2991 494 3060 quam
512 2971 686 3038 salutabant
703 2971 801 3062 prius.

100 3081 244 3166 Adeunt,
263 3088 448 3172 consistunt,
469 3091 651 3182 copulamur
670 3090 821 3160 dexteras:

101 3205 246 3296 Rogitant
264 3229 333 3290 me,
352 3221 387 3278 ut
404 3210 541 3294 vulcam,
561 3211 637 3302 quid
658 3233 763 3302 aqam,
784 3207 859 3304 quid
878 3231 980 3275 rerum
1000 3231 1116 3302 geram.

101 3323 210 3408 Nunc,
229 3349 292 3416 quo
309 3327 464 3417 proiectus
483 3352 570 3412 sum,
590 3331 659 3401 ibo:
681 3329 820 3422 postidea
842 3328 969 3395 domum

102 3443 153 3510 lle
169 3467 311 3526 rursum,
333 3460 481 3537 quantum
502 3463 630 3540 potero,
650 3462 771 3517 tuntum
789 3447 949 3539 recipiam.

135 3615 179 3669 29.
214 3616 346 3684 Hoqirtes·
375 3619 491 3673 curras:
520 3622 662 3674 Bernartius
702 3623 879 3694 puldrorum
898 3635 997 3688 perona.
1034 3622 1106 3680 Cous.
1131 3619 1265 3688 Aristoph-

102 3711 174 3758 notet
195 3709 291 3760 Romae
307 3712 419 3776 singulas
438 3713 518 3764 tribus
538 3729 596 3764 suos
615 3713 662 3764 hs·
702 3715 773 3764 erut.
791 3709 854 3766 782.
870 3699 876 3774 ¹,

102 3798 185 3850 outae
205 3800 342 3864 divisores,
367 3809 398 3854 ut
419 3809 492 3871 patet
514 3821 545 3855 ex
567 3807 660 3856 Ascon.
882 3801 914 3864 ὥς
928 3802 1052 3872 χαλεπόν
1067 3806 1137 3855 close
1150 3804 1177 3854 ol
1191 3803 1268 3865 ollas

104 3888 133 3939 ad
149 3891 209 3943 nst.
230 3893 257 3942 11
275 3893 302 3942 in
321 3895 434 3949 Verrem.
477 3897 508 3946 lli
530 3897 661 3962 pecuniam
720 3897 746 3946 ci
757 3894 914 3962 φαινόμενοι
924 3901 1084 3967 πιιραχρῆμ,
1099 3895 1166 3947 ὅταν
1177 3895 1267 3966 mpetr-
1374 3925 1377 3936 ι

102 3981 193 4048 populo
215 3985 310 4036 viritim
334 3985 498 4047 dividebant,
524 3989 616 4052 singull
636 3989 662 4038 in
1095 3989 1143 4058 (τῃ
1159 3971 1268 4047 cerri,
1380 3993 1381 3997 ’

103 4087 144 4124 nra
162 4075 248 4128 trihu:
273 4076 322 4126 elio
345 4079 447 4130 nomine
461 4079 589 4144 Magistri
609 4080 661 4130 Cu·
702 4078 747 4130 ubi
763 4079 830 4134 Clcr.
846 4079 988 4130 llemsterlr.
1004 4078 1091 4147 proci
1107 4076 1269 4142 φαινόμενοι

104 4169 205 4218 riorum
229 4169 403 4234 appellemur:
429 4172 495 4239 epurl
517 4173 662 4222 Ciceronem
701 4169 765 4235 legit
785 4169 990 4238 ὀσφραινόμενοι
998 4186 1011 4229 ,·
1037 4169 1068 4218 de
1092 4185 1142 4232 qua
1161 4183 1189 4216 ro
1207 4167 1269 4220 side

105 4259 240 4312 Curiones.
286 4261 342 4311 lion
367 4264 445 4314 semel
472 4263 497 4313 ia
525 4263 662 4314 comoediis
701 4278 759 4312 eunr
775 4261 807 4312 ad
825 4261 929 4312 luciani
946 4262 1074 4310 Timonem
1092 4275 1119 4324 p.
1140 4258 1198 4308 159.

102 4350 207 4417 palliatis
223 4351 303 4402 multa
317 4351 428 4404 Romana
442 4354 660 4406 mircetl’lsutuc.
733 4351 779 4403 40.
813 4353 955 4418 profertur
972 4365 1042 4400 rum.
1071 4348 1202 4398 ltuhnlsen
1232 4349 1266 4399 ast

133 4441 176 4492 ³5.
209 4457 302 4493 curem
318 4444 445 4496 ridentur
463 4447 659 4496 ἐἰη-ω-
702 4443 805 4490 Terent.
824 4440 890 4491 And.
909 4439 958 4488 111.
978 4439 1002 4489 l.
1018 4438 1063 4490 21.
1078 4439 1194 4502 notarit,
1211 4455 1268 4488 non

611 4567 762 4596 ww·-
