2876 4814
660 262 684 339 9

76 457 181 542 Quen
200 455 407 524 comminisci:
431 456 473 524 ita
490 455 635 524 miseram
652 477 705 523 me
722 455 762 522 ad
781 453 863 522 hune
880 454 1017 522 modum:

76 573 206 642 Decies
224 573 276 640 die
292 598 355 642 uno
372 597 461 666 saepe
480 573 613 644 extrudit
632 575 771 674 aedilaua.

77 693 226 773 Nescio,
244 694 314 784 pol,
335 715 413 785 quae
432 695 526 761 illunc
545 692 704 762 hominem
723 693 925 786 intemperiae
943 707 1074 776 tenente
1094 728 1096 736 ·

77 813 260 904 Pervigilat
275 826 379 881 noctes
397 825 492 884 totas:
512 826 579 880 tum
596 828 699 882 autem
716 814 882 895 interdius,

82 931 190 1018 Quasi
207 931 332 1026 claudus
350 945 450 1014 sutor,
470 932 659 1001 domi-sedet
676 947 755 1002 toton
772 932 848 1002 dics.

80 1051 204 1140 Neque
216 1051 284 1139 jam
302 1074 366 1142 qno
380 1065 471 1142 pacto
490 1027 586 1124 celem
605 1052 714 1127 herilis,
729 1051 812 1118 filiae

82 1169 266 1252 Probrum,
285 1172 457 1263 propinqua
475 1171 632 1262 partitudo
652 1165 860 1264 cuivappetit,

85 1289 181 1374 Quen
196 1291 404 1373 comminisci3
425 1313 525 1382 neque
543 1293 709 1383 quicquam
726 1291 836 1358 melius
855 1302 900 1357 ert
918 1289 1017 1369 mihi,

83 1409 135 1476 Ut
153 1409 283 1498 opinor,
303 1433 395 1501 quam
413 1433 448 1477 er
464 1433 516 1478 me
534 1424 568 1478 ut
584 1408 678 1485 unam
697 1409 808 1476 faciam
826 1409 948 1477 literam

85 1527 250 1618 Longam,
269 1551 371 1597 meum
387 1529 498 1622 laqueo
516 1532 629 1599 collum
649 1529 771 1621 quando
791 1529 990 1598 obatrimero.

580 1777 764 1807 ...φ-..-

311 1959 458 2038 ,lorus
481 1960 648 2030 PRIMUS.
694 1959 831 2030 suntin
854 1957 1019 2028 TERTIA.

500 2167 628 2220 unctio.
663 2167 843 2217 srarnrtt.

91 2364 182 2432 Nunc
198 2360 356 2432 delaecato
376 2362 500 2432 demum
518 2366 621 2432 animo
640 2363 779 2456 egredior
798 2362 908 2446 domo,

91 2483 254 2573 Postquam
270 2482 411 2574 perspexi
427 2484 507 2552 solra
526 2505 589 2552 esse
608 2486 689 2552 intus
707 2485 820 2554 omnia.

91 2705 251 2754 tentaverunt
274 2703 322 2752 riri
346 2675 435 2763 docti,
463 2702 577 2766 legenter
600 2718 646 2768 pro
686 2703 754 2767 Quae
763 2707 849 2752 tamen
859 2702 940 2750 omnia
955 2715 1005 2750 non
1024 2701 1094 2752 valde
1109 2695 1171 2752 mihi
1188 2700 1243 2764 pla·

92 2794 644 2857 mu,mmm,ve1neaauae,aliter;
686 2797 762 2844 cent:
782 2794 860 2857 magia
878 2793 909 2843 Η.
929 2791 1047 2842 Aterndrt
1065 2794 1159 2844 arridet
1180 2807 1243 2842 aon-

92 2882 646 2948 eamaretinendnmridetnr:significateni'm
682 2884 800 2948 jactura,
827 2883 888 2934 licet
911 2887 1067 2932 constantem
1091 2884 1168 2951 hnjna
1192 2885 1244 2935 lnci

91 2991 155 3026 eon.
181 2976 281 3025 lucret.
298 2974 347 3026 111.
365 2972 429 3025 200.
450 2989 522 3024 aean
538 2982 643 3038 patrat,
685 2978 767 3024 mutet
783 2975 948 3040 scripturam:
966 2975 1029 3039 legit
1047 2976 1129 3040 enim3

90 3064 173 3130 ibique
186 3065 237 3116 rid.
249 3065 408 3130 interpreter.
434 3064 504 3114 ldem
521 3065 565 3116 tv.
585 3065 644 3117 716.
703 3081 781 3130 quam
799 3081 830 3134 ⁰³,
844 3071 931 3116 aaran
944 3066 1139 3131 unamfocr‘nm
1154 3067 1227 3116 limo

110 3154 183 3208 Naar
196 3161 297 3223 queant
310 3156 401 3220 rapidi
415 3162 508 3207 contro
524 3161 645 3206 coartare
684 3157 789 3222 Loaqn,
804 3158 878 3220 reliq.
893 3155 987 3206 haecce
1002 3155 1104 3206 addena.
1122 3156 1161 3204 Sic
1175 3157 1242 3207 enim
1257 3197 1259 3204 r

534 3245 641 3310 (lenaeo.
683 3262 735 3295 non
752 3249 826 3297 modo
841 3244 960 3313 perronae
976 3246 1095 3295 decorum
1111 3251 1241 3309 certatur,
1275 3229 1280 3234 ’

127 3336 165 3390 ll.
185 3337 642 3404 litaromloaqnm:diveraaahinlo-
683 3337 704 3385 ei
728 3337 829 3400 quidem
851 3335 1054 3386 muliercularum
1077 3338 1164 3402 potina
1184 3344 1243 3401 eat,
1322 3395 1327 3404 ¹

94 3433 271 3482 curuantureat
279 3429 509 3494 interpretationer.
529 3429 642 3492 Suntqui
682 3441 755 3476 urana
772 3427 803 3476 ad
816 3427 977 3476 ⁴alonreatiooa
994 3443 1056 3478 uano
1073 3429 1117 3478 filo
1134 3447 1242 3498 auapen-

93 3519 207 3584 deaignari
223 3524 316 3585 putent
331 3520 430 3570 literam
446 3519 485 3580 L,
504 3519 548 3570 alii
562 3521 641 3571 Grae·
682 3516 758 3579 dere,
784 3531 858 3580 quam
877 3515 963 3566 literar
982 3519 1082 3581 lacere,
1103 3521 1242 3574 sedetiam

94 3625 145 3660 eam
162 3609 203 3662 A:
227 3611 271 3661 alit
291 3609 326 3666 T.
352 3611 448 3677 Lipsiae
469 3615 543 3677 putat
564 3612 647 3662 Plau·'
682 3607 713 3657 ad
736 3623 828 3656 nomen
850 3606 973 3673 oraculi
990 3609 1017 3660 h.
1043 3627 1066 3661 e.
1092 3627 1161 3674 ero,
1189 3629 1240 3678 quo

94 3705 144 3750 tum
168 3701 263 3752 literam
290 3701 309 3750 1
334 3702 490 3766 deaipraaaea
522 3703 640 3765 quioniam
666 3700 783 3749 *nomine
795 3715 858 3758 anna
872 3699 915 3751 illa
926 3701 1075 3765 vocabatur,
1092 3705 1237 3770 respicitur.

94 3791 207 3858 triplicem
221 3793 278 3858 ejua
290 3808 379 3842 aunum
391 3792 572 3858 deprehendit:
586 3794 639 3858 pri·
670 3790 710 3843 ,Id
728 3790 797 3855 quod
812 3791 923 3864 innolena
942 3793 1033 3844 Plauto
1050 3810 1101 3845 non
1118 3811 1188 3857 eoae,
1208 3812 1239 3848 er

93 3899 153 3934 mura
178 3884 233 3950 ejua
258 3883 365 3948 longae,
394 3887 421 3934 et
446 3883 636 3948 rere-longae,
680 3882 788 3931 nominis
802 3881 985 3946 aigniiinatione
1000 3887 1089 3951 jocum
1106 3890 1237 3952 captanti,

95 3976 215 4040 quianon
239 3979 269 4023 ut
288 3978 388 4026 ceterae
408 3975 567 4040 geminatur,
595 3974 639 4024 aed
680 3973 736 4036 quia
752 3973 873 4037 ignorati

94 4065 226 4132 productior
254 4065 302 4126 fia,
330 4069 357 4116 et
384 4065 541 4130 longitndine
557 4065 639 4116 ¹velut
715 4063 739 4118 l.
775 4065 920 4131 defaecato.
950 4067 1101 4118 Deferuntur
1114 4069 1165 4118 hnc
1180 4067 1238 4118 loco

94 4157 168 4224 dupla.
200 4156 241 4206 Ad
255 4172 326 4206 auam
341 4157 491 4207 aententiam
507 4155 637 4206 atabilicn·
679 4138 803 4219 aipnilicat
836 4156 940 4217 hilaria,
973 4158 1073 4210 laetuar
1107 4159 1239 4208 translatio

96 4247 159 4308 dam,
174 4263 204 4298 ex
221 4247 326 4298 numan
343 4248 426 4314 Epigr.
447 4249 504 4299 120.
524 4247 606 4296 allert.
678 4251 759 4296 rumta
774 4246 876 4307 arina,
897 4247 965 4310 quod
980 4247 1090 4297 laeoibna
1104 4252 1238 4312 purgatum

98 4339 167 4404 Quid,
176 4339 310 4404 inperite,
323 4338 347 4387 P
354 4346 435 4406 partor
445 4339 484 4389 tta·
494 4339 635 4402 arripiam,
677 4339 726 4385 eat.
744 4337 804 4387 Item
820 4337 935 4403 expn'auit
946 4337 1055 4387 Gronov.
1068 4339 1137 4388 leot.
1150 4338 1237 4389 l’laut.
1257 4375 1259 4379 ·

100 4431 138 4482 uta·
152 4431 231 4484 locari
243 4432 304 4495 jota
323 4432 445 4482 coaaanit
463 4431 590 4498 longum,
678 4441 703 4490 p.
724 4424 766 4475 48.
