2876 4814
698 244 746 315 55

117 437 234 540 Euo..
260 435 462 530 Repudium?
482 437 578 504 rebus
595 434 726 528 possm
750 445 842 526 etque
859 432 1007 502 exornatis
1026 433 1158 524 nuptiis!

113 559 171 627 Ut
193 559 293 626 illum
312 555 344 624 di
361 549 547 626 immortales
563 577 669 623 omnes
686 554 840 646 deaeque,
860 565 1010 645 qnantum
1026 565 1089 635 cst,
1109 551 1272 644 perduint,

118 678 245 764 Quem
262 691 388 770 propter
406 675 501 745 hodie
520 675 586 745 anri
605 688 725 744 tentum
743 672 867 766 perdidi
884 673 1011 756 infelix,
1029 674 1133 748 miser.
1309 687 1353 742 7⁶.

118 799 224 887 Lyo.
248 798 334 866 Bono
344 799 447 866 animo
460 819 510 878 es,
526 810 557 864 et
571 795 720 864 benedico
728 821 738 878 ς
756 817 838 862 nunc
852 817 931 886 quae
940 817 988 862 res
996 795 1055 862 tibi
1063 809 1096 864 et
1103 810 1213 888 quoue
1226 809 1297 866 tuae

120 919 228 985 Bene
245 917 439 1009 feliciterque
457 930 578 998 verton
600 919 643 984 ita
662 916 694 982 di
713 915 808 982 ierint
818 963 828 997 ,
847 915 981 1006 inquito.

124 1037 231 1108 Eue.
257 1036 306 1105 lta
324 1035 356 1103 di
374 1037 501 1107 facient.
532 1037 614 1126 dyo.
632 1049 664 1104 et
680 1035 760 1104 mihi
775 1035 818 1104 ita
832 1034 864 1102 di
880 1035 1012 1118 faciant3
1032 1033 1106 1102 audi
1122 1057 1205 1104 nnnc
1215 1038 1294 1127 jam.

126 1157 203 1242 Qui
224 1155 317 1223 homo
335 1158 458 1248 culpam
477 1155 601 1223 admisit
621 1157 654 1222 in
672 1179 725 1238 se,
744 1156 844 1223 nullus
862 1168 908 1224 est
928 1167 991 1222 tem
1010 1154 1098 1248 parvi
1116 1157 1197 1248 preti
1207 1205 1219 1242 ,

128 1277 225 1363 Quin
241 1276 377 1368 pudeat,
399 1277 472 1367 quin
491 1267 702 1368 purget'sese:
724 1298 805 1342 nunc
822 1289 855 1343 te
873 1274 1029 1358 obtestor,
1048 1276 1177 1358 Euclio,
1310 1294 1353 1346 ⁰0.

129 1397 176 1464 Si
196 1394 274 1486 quid
293 1419 349 1489 ego
369 1419 439 1487 erga
455 1409 487 1462 te
504 1395 683 1486 imprudens
700 1383 846 1487 peccavi,
865 1407 917 1462 ant
936 1407 1059 1486 gnatam
1076 1407 1182 1478 tuem,

131 1515 186 1584 Ut
203 1513 282 1581 mihi
300 1515 436 1604 ignoscas
446 1563 456 1598 ,
474 1493 604 1606 eamque
623 1538 745 1583 uxorem
765 1514 845 1582 milri
865 1515 939 1596 des,
959 1529 994 1582 ut
1012 1516 1094 1608 leges
1105 1516 1236 1607 jubent:

132 1635 208 1724 Ego
225 1655 276 1699 me
292 1634 437 1725 injuriam
454 1635 560 1703 fecisse
577 1634 659 1702 filice
676 1635 775 1703 luteor
791 1647 883 1717 tuae,

138 1752 261 1821 Cereris
277 1752 389 1844 vigiliis
398 1803 409 1837 ,
427 1775 483 1846 per
500 1754 626 1836 rinurm
645 1767 738 1845 atquc
755 1754 888 1848 impulsu
906 1753 1139 1824 adolescentiae.

136 1873 227 1942 Eoo.
258 1873 320 1942 Hei
336 1873 432 1942 mihil
452 1873 536 1965 quod
552 1874 671 1942 facinus
685 1897 721 1940 cx
738 1887 769 1942 te
787 1897 844 1966 ego
861 1873 969 1942 audio!
1010 1871 1091 1963 Lyn.
1111 1896 1168 1944 cur
1185 1877 1294 1967 ejulo,
1310 1887 1354 1939 85.
1407 1893 1410 1900 '

137 1993 238 2079 Quem
255 2015 311 2083 cqc
328 2015 419 2062 aram
438 1994 499 2062 feci
511 1997 578 2085 jam
597 2008 633 2062 nt
650 2017 726 2062 esses
743 1995 826 2062 filiae
844 1994 986 2086 nuptiis?

136 2115 219 2182 Num
236 2127 289 2181 tna
308 2126 399 2204 gnata
418 2115 540 2206 peperit
558 2113 687 2183 decumo
707 2136 811 2182 mense
828 2127 918 2206 post3
938 2134 1101 2180 numerum
1119 2135 1216 2204 cape;

135 2233 184 2301 Ea
200 2256 235 2299 re
251 2231 415 2325 repudium
432 2235 551 2304 remisit
568 2235 754 2315 auunculus,
774 2255 864 2300 causa
881 2255 963 2305 mea.

136 2353 173 2435 Ι,
193 2354 293 2436 intro,
312 2375 477 2444 exquaerc,
497 2356 575 2422 sitne
590 2357 633 2422 ita
649 2369 683 2423 ut
699 2377 754 2446 eqo
770 2353 924 2446 praedico.
965 2354 1052 2422 Idae.
1068 2353 1148 2444 perii
1163 2351 1294 2445 oppido't

134 2474 185 2541 Itu
203 2473 282 2540 milri
300 2473 338 2540 ad
359 2474 474 2540 mulum
494 2476 596 2542 maluo
614 2497 662 2542 res
680 2475 832 2567 plurimae
849 2498 879 2542 se
897 2474 1098 2566 agglutinant.
1188 2471 1190 2476 ’

132 2594 193 2662 Ibo
212 2594 314 2676 intro,
332 2607 368 2662 at
386 2593 462 2686 quid
479 2594 571 2685 hujus
588 2595 635 2662 rei
653 2595 692 2663 sit
702 2646 712 2678 ,
734 2595 841 2665 sciam.
886 2597 968 2683 Lyn.
987 2595 1055 2683 jem
1073 2605 1104 2660 te
1120 2614 1242 2684 sequor.
1261 2619 1264 2626 ·

133 2713 220 2782 llaec
237 2714 461 2805 propemodum
477 2709 544 2805 jam
563 2693 777 2783 esse'inlvodo
793 2705 963 2783 sulutislcs
981 2713 1113 2784 ridetur.

167 2961 212 3016 74.
247 2969 378 3029 quaecum
403 2969 443 3014 eet
469 2965 488 3016 i.
512 2982 536 3016 e.
564 2967 693 3030 quotquot
776 2978 843 3032 pstea
860 2975 945 3031 neque
966 2981 1013 3033 eqo
1028 2968 1061 3018 ie
1079 2982 1121 3017 ere
1139 2965 1246 3017 edme'ee'.

131 3058 208 3106 eunt:
226 3055 360 3106 Ruhnken.
380 3055 412 3105 ed
429 3055 520 3106 Terent
536 3056 627 3108 fleant.
644 3056 689 3107 IV.
732 3043 833 3108 terent.
853 3057 925 3108 Adel.
945 3057 1030 3108 178.
1047 3055 1090 3110 48.

130 3146 157 3195 6.
165 3146 194 3198 8.
209 3145 255 3195 ulti
266 3146 330 3196 haec
345 3144 421 3196 eliam
433 3151 571 3196 occurrunt
580 3147 690 3197 conseri.
748 3147 792 3198 Me
809 3149 858 3200 laec
874 3148 1001 3199 delictum
1022 3149 1161 3198 odmiea‘eee
1178 3149 1210 3196 e'ae
1228 3161 1287 3206 ete,

131 3236 214 3287 Cetul.
235 3236 285 3286 lll.
302 3236 330 3287 2.
480 3225 483 3232 ’
893 3238 935 3302 (td
948 3240 1017 3288 milti
1032 3240 1196 3288 uehementer
1209 3216 1289 3292 dolet.

148 3326 185 3376 Ei
212 3332 343 3393 quonlam
368 3333 407 3377 eet
430 3328 567 3378 lominum
592 3342 691 3378 cenae·
731 3330 819 3382 Cicero
841 3344 886 3394 pro
905 3329 1005 3380 Cluent.
1024 3329 1067 3380 60.
1088 3331 1154 3394 quid
1171 3345 1289 3394 unquam

130 3418 230 3468 Terent.
247 3418 390 3470 Phorml'.
407 3417 434 3469 7.
451 3419 497 3469 1⁰:
566 3415 689 3481 (tiorum.
731 3420 871 3471 neeesse·
890 3435 917 3468 ee
933 3419 1053 3471 edmiee'i.
1079 3421 1163 3471 nivino
1175 3421 1286 3475 xxx11.

148 3509 254 3574 Quanto
271 3514 373 3576 quante
390 3510 453 3560 Isaac
469 3524 527 3560 esea
539 3517 688 3576 pauperina
731 3512 772 3562 18.
791 3512 823 3562 e'e
842 3526 869 3560 ee
887 3516 936 3560 eset
953 3511 1022 3561 alios
1037 3512 1213 3567 admiserunt.

619 3600 687 3664 (oet,
762 3600 806 3656 84.
845 3599 950 3652 Cereris
971 3602 1089 3667 eiqiliie,
1107 3620 1157 3669 pes·
1175 3606 1285 3667 einum,

128 3693 226 3758 pergit:
254 3691 294 3741 Sic
310 3692 441 3757 quicquid
455 3691 548 3743 dicitnr
563 3707 608 3758 pro
626 3695 687 3758 qai·
729 3700 810 3760 atque
823 3693 942 3758 impetere
958 3694 1159 3749 adolescentiae.
1194 3673 1285 3747 Conle-

127 3798 242 3850 ceetqste.
276 3783 363 3833 Horat.
384 3781 462 3848 Epod.
480 3783 511 3834 V.
532 3783 555 3833 l.
728 3789 798 3836 retur
815 3785 887 3837 ovid.
908 3787 994 3836 Amor.
1013 3786 1035 3836 1.
1056 3787 1082 3839 6.
1102 3786 1147 3838 59.

144 3874 323 3925 Atodeersem
333 3875 466 3940 quidquid
481 3875 513 3925 e‘se
529 3874 598 3925 coelo
608 3879 687 3942 repit.
746 3875 804 3928 Noe
817 3882 843 3927 et
859 3876 956 3939 Amce,
980 3879 1125 3943 eroumque
1139 3878 1212 3928 nitet
1228 3893 1286 3928 eoo-

126 3968 211 4018 lieiua
225 3967 276 4016 111.
293 3967 337 4016 25.
362 3966 495 4032 quidquid
506 3968 614 4017 deorum
630 3975 685 4018 eet:
1014 3967 1142 4033 (derabile
1158 3968 1286 4029 suadem

126 4058 185 4112 Vid.
204 4057 329 4109 Drakenb.
346 4055 378 4107 ed
394 4057 446 4108 liv.
462 4057 564 4111 xxxlt.
580 4057 624 4111 37.
641 4060 667 4112 d.
766 4059 820 4110 Illa
833 4063 1046 4129 ponderaverunt,
1067 4059 1146 4110 Liber
1162 4071 1287 4121 cesosque

161 4147 205 4202 79.
242 4149 348 4214 culpem
362 4148 473 4199 wetini
489 4150 520 4199 e'se
533 4164 578 4201 ee:
595 4150 686 4202 admit·
1192 4145 1285 4210 (metu.

126 4243 181 4291 tere
199 4240 227 4290 in
250 4255 277 4290 ee
302 4241 420 4306 eulpam.
445 4239 540 4291 dicitur
558 4241 687 4304 eleganter
761 4239 806 4294 87.
843 4257 985 4293 eaeeersue
1002 4255 1075 4305 sepe.
1096 4240 1189 4288 ltecte
1205 4235 1287 4288 Teub-

126 4349 185 4400 pro,
198 4333 357 4384 committere
368 4332 479 4398 culpam,
494 4348 610 4398 peccare,
626 4333 686 4386 eim·
727 4346 833 4382 mannus
851 4332 961 4397 explicet
978 4330 1064 4381 dicens
1080 4327 1164 4391 signis.
1186 4333 1290 4393 tempere

126 4423 238 4490 pliciter.
274 4425 365 4476 Noster
381 4421 471 4490 Amph.
491 4423 540 4473 111.
560 4422 586 4472 2.
602 4421 628 4474 d.
729 4427 847 4488 suppare
865 4421 922 4475 ecil.
941 4437 956 4474 e
973 4419 1178 4488 θεσμοφορίοις.
