2876 4814
677 249 724 324 25

107 436 354 532 Dispertiristi:¹
374 437 568 529 pinguiorem
587 463 699 531 equum
719 443 769 510 isti
787 441 913 512 hebent.

108 557 237 627 Strob.
269 557 311 624 lt
329 580 412 625 nuno
429 559 488 625 tibi
504 557 628 626 dabitur
645 561 789 652 pinguior
806 562 960 642 tihieim3

104 679 135 744 Ι
160 701 234 745 sane
250 700 320 745 enm
339 677 584 770 illo,1’hryqiu;
606 691 641 745 tu
660 693 763 746 antem
773 730 784 762 ,
802 680 983 758 meusium,

106 800 196 867 Iino
213 800 295 866 intro
312 798 364 864 abi
383 796 422 863 nd
441 821 509 870 nos.
559 799 660 888 Conq.
690 801 882 884 oStrobile,
901 797 1049 876 subdole,

109 917 265 985 Huncine
282 916 435 986 detrusisti
453 941 505 984 me
522 917 562 985 ad
580 942 683 986 senem
700 919 937 1009 parcissimum?

111 1037 189 1104 libi
206 1035 324 1127 siquid
342 1061 487 1128 possm,
505 1038 658 1128 usquead
677 1039 777 1104 ravim
793 1061 916 1128 posnam
933 1038 1019 1127 prins

116 1155 225 1240 Quum
242 1158 409 1247 quiequam
428 1157 529 1227 detur.
576 1156 685 1228 Strob.
714 1158 841 1225 stultum
858 1170 903 1225 ert
921 1171 953 1223 et
970 1157 1036 1223 sine
1054 1155 1150 1246 gratie

113 1277 175 1343 lbi
193 1290 276 1343 reete
293 1277 394 1343 iacere
404 1325 415 1359 ,
435 1276 559 1368 qnando
577 1277 660 1367 quod
676 1277 771 1344 fanias
787 1277 881 1368 perit.

123 1396 229 1485 Gorty.
259 1396 318 1481 Qui
335 1398 432 1465 sero?
477 1395 602 1480 Strob„
616 1397 753 1487 rogitas?
767 1400 833 1488 jam
851 1396 1006 1489 principie
1024 1392 1202 1462 insedibus
1289 1409 1333 1462 oo.
1368 1399 1396 1430 '‘

116 1517 226 1584 rurba
245 1485 314 1583 ist'i'c
331 1517 414 1584 nou
432 1518 491 1600 usi
507 1518 587 1587 ern:
608 1517 634 1583 a
653 1515 728 1606 qno
747 1516 794 1582 uu
809 1517 911 1597 vous,

116 1635 223 1702 Domo
239 1635 339 1702 abste
355 1636 481 1717 afferto,
500 1659 540 1703 ne
558 1658 682 1726 operam
699 1633 808 1726 perdas
825 1657 963 1726 poscere.

116 1753 183 1820 Hie
201 1752 284 1844 apud
299 1776 354 1822 nos
373 1778 483 1846 magna
505 1754 595 1821 turba
612 1777 649 1820 ee
664 1777 774 1846 magna
792 1755 909 1821 familie
926 1767 971 1822 est
981 1804 993 1836 ,

117 1871 307 1964 suppellex,
325 1895 454 1954 aurum,
474 1885 591 1954 restes,
608 1896 680 1940 rasa
696 1885 856 1964 argentea:

116 1992 173 2058 Ibi
191 1993 217 2058 si
235 1993 363 2083 perierit
382 1993 560 2084 quippiam,
581 1991 679 2083 (qnod
696 2007 728 2060 te
748 1993 810 2059 snio

118 2110 226 2180 Facile
242 2112 395 2179 abstinere
411 2135 519 2204 posse,
538 2112 567 2180 si
583 2111 663 2178 nihil
681 2113 803 2179 ebriam
820 2124 865 2178 est
876 2111 900 2198 ,)

119 2232 254 2302 Dicant:
278 2233 344 2299 enei
362 2233 573 2315 abstulerunt3
595 2231 866 2322 comprehendite,

112 2351 270 2432 Vincite,
290 2351 470 2433 verberate,
489 2353 521 2418 in
538 2366 668 2442 putenm
687 2349 822 2422 condite.

122 2467 242 2536 Horum
263 2471 320 2536 tibi
339 2471 410 2538 istie
429 2471 508 2537 nihil
527 2472 665 2542 eveniet:
688 2472 805 2562 qnippe
823 2470 879 2561 q'ui

121 2589 186 2658 Ubi
203 2589 281 2680 quid
297 2590 464 2683 surripins,
483 2589 563 2656 nihil
581 2604 645 2673 est;
669 2613 796 2680 sequere
816 2591 875 2658 hae
892 2612 954 2660 me.
1006 2590 1106 2679 eosq.
1125 2609 1245 2680 sequor.
1289 2607 1333 2661 70.
1411 2657 1413 2666 ,

156 2872 202 2925 ot.
237 2871 342 2924 lenm.
375 2876 452 2941 Saepe
471 2876 534 2926 haee
553 2875 679 2943 portionis
718 2876 771 2928 liv.
799 2875 837 2928 11.
863 2877 909 2926 55.
935 2877 974 2927 sos·
999 2877 1045 2928 tro
1068 2883 1109 2928 ert
1135 2887 1277 2941 suppremo

118 2965 275 3032 imperativis
284 2965 443 3030 adjungitur,
458 2968 581 3031 valdeque
593 2982 680 3018 eornm
717 2966 775 3018 vid.
795 2967 922 3020 Drakenb.
943 2967 974 3018 od
993 2968 1046 3021 tir.
1064 2968 1124 3020 vn.
1141 2967 1186 3016 23.
1203 2963 1231 3016 4.

119 3058 169 3106 rim
183 3059 270 3121 anget.
290 3057 390 3108 Terent.
405 3060 496 3111 lleaut.
511 3058 561 3107 111.
576 3059 603 3111 8.
617 3057 661 3111 27.
758 3058 802 3111 55.
848 3057 932 3124 Quod.
983 3059 1112 3124 signifieat
1144 3055 1273 3122 queneto.

137 3146 187 3197 Ate
203 3163 267 3197 rouo
283 3148 361 3198 intuo.
390 3149 472 3199 livius
489 3151 512 3201 1.
532 3148 576 3200 57.
593 3149 660 3199 med.
717 3149 794 3214 Prop.
813 3148 862 3200 111.
883 3150 907 3202 l.
927 3149 970 3200 49.

154 3237 197 3288 58.
232 3239 346 3288 crottum
372 3246 475 3292 ert...
500 3241 571 3306 quen
588 3240 681 3307 foetor
737 3237 811 3304 Quod
822 3254 877 3290 non
895 3241 1037 3290 Taenariis
1051 3237 1144 3288 domur
1160 3235 1276 3285 ertmiti

116 3329 204 3396 perit.
225 3331 278 3379 lloe
287 3330 362 3379 modo
373 3331 505 3394 legendum
516 3313 593 3397 puto,
609 3347 676 3394 non,
1029 3327 1113 3391 (folin
1128 3327 1274 3387 columnis,

119 3420 448 3486 ntnonnullaeeditioner,
466 3423 680 3473 restrueretur
738 3420 792 3471 Neo
818 3434 922 3471 numero
947 3425 1059 3470 nerotor
1082 3421 1157 3470 inter
1178 3421 1278 3472 aiom

119 3514 210 3578 qratia
231 3526 273 3562 ere
291 3528 381 3578 nempe
399 3513 449 3563 hoe
465 3515 521 3565 vult
538 3513 677 3565 Strobilos:
737 3543 1138 3564 ...............
1169 3513 1278 3579 (eroon.

120 3603 219 3653 Stultus
236 3604 273 3652 l'ui
288 3606 316 3652 et
335 3602 452 3662 dement,
471 3605 517 3668 qui
526 3606 620 3670 juvene
635 3610 677 3665 te,
718 3644 721 3652 .
738 3601 772 3651 Aa
787 3601 878 3652 Muros
893 3603 1008 3651 comites.
1025 3603 1095 3654 ovid.
1109 3607 1187 3671 Epist.
1197 3604 1278 3655 xv11.

121 3694 188 3742 hune
211 3695 366 3760 provinciam
384 3695 432 3744 tibi
449 3694 525 3756 dedi,
551 3697 614 3746 lieet
629 3697 679 3746 soi·
721 3695 764 3744 51.

43 3851 46 3858 .
120 3800 174 3836 rem
198 3803 251 3836 enm
280 3801 332 3834 non
360 3784 407 3835 tibi
430 3786 597 3852 placiturum,
623 3787 681 3837 dedi
740 3785 1281 3853 Quodqenuretproororotreqionomi·

120 3880 221 3940 umen,
246 3879 353 3938 umere,
375 3892 409 3928 ne
426 3878 533 3938 vinciri,
556 3876 682 3928 verberari
721 3877 766 3926 ubi
784 3877 834 3927 rid.
857 3878 1017 3944 interpretes.
1126 3879 1280 3945 (Μυσίαι.

120 3974 197 4034 atque
222 3970 249 4018 in
275 3974 379 4034 puteum
407 3967 482 4018 eondi
515 3969 680 4034 pericliteris:
757 3967 800 4019 70.
840 3969 886 4018 Ubi
906 3971 972 4034 quid
988 3972 1133 4036 corripior.
1169 3973 1280 4022 Gronov.

121 4065 179 4111 tune
206 4061 295 4109 uelutis
324 4075 399 4110 eausa
427 4059 493 4120 leni,
520 4062 548 4108 et
569 4059 683 4124 ingratus
723 4061 786 4124 legit
795 4063 946 4128 surripiat,
967 4064 1004 4112 sio
1018 4064 1161 4128 explicans:
1177 4061 1222 4110 ubi
1238 4060 1284 4123 qui

120 4149 233 4214 mihique
251 4149 372 4200 molestus
389 4166 458 4199 nuno
477 4166 513 4200 ee.
550 4149 593 4199 Ibi
609 4153 682 4201 rete·
723 4151 784 4214 quid
802 4154 939 4219 rurripint‚
963 4153 1013 4202 hoo
1032 4157 1087 4211 ert,
1107 4150 1152 4214 qui
1169 4150 1209 4197 sur
1228 4151 1281 4208 uit,

121 4242 251 4292 teretium
265 4241 479 4308 usurpabuntpro
495 4247 561 4292 tum.
578 4242 682 4292 Terent.
723 4243 769 4306 qui
795 4245 878 4293 rolens
904 4242 999 4304 aliquid
1026 4253 1179 4289 summouere
1201 4238 1280 4298 velit,

122 4333 186 4388 lua.
208 4333 244 4384 li.
263 4334 292 4384 3.
310 4335 337 4386 5.
723 4331 748 4383 ei
762 4333 827 4383 nihil
842 4337 880 4383 est
896 4331 1005 4396 prompti
1021 4333 1099 4392 etque
1112 4330 1203 4392 pertiti.
1222 4333 1282 4380 (lm-

255 4425 295 4475 r'ir'
311 4425 417 4492 eulpam
434 4428 465 4476 io
483 4433 509 4476 tr
526 4425 682 4492 transferet.
722 4438 769 4474 nes
783 4421 862 4473 noda.
877 4421 952 4468 unico
969 4424 1090 4484 excepto,
1110 4433 1198 4472 vocem
1210 4421 1283 4486 igno·

615 4546 788 4578 ·--§---
