2876 4814
630 276 740 388 ,52

142 473 209 542 Scit
218 471 454 564 pepenissejam‚
464 483 499 538 ut
507 491 564 561 ego
572 471 693 561 opinor,
702 463 1238 550 filiamsuam;nuncmihiinoertum
1247 477 1313 544 est,

143 591 223 678 Quid
247 613 354 682 agam:
380 591 489 658 mam
511 613 551 656 an
572 593 731 658 maneam!
755 588 870 678 fogiam
892 609 931 652 an
954 585 1084 667 adeam3
1109 583 1186 674 quid
1213 583 1314 673 agani
1424 585 1425 592 ’

1042 702 1164 792 (edepol
1182 702 1313 769 nescio.

83 841 128 894 no.
145 833 230 903 Bac.
250 831 325 916 Quis
341 829 434 897 bomo
448 828 501 896 hic
518 828 677 919 loquitur?
716 827 795 916 Lyc.
814 849 870 916 ego
886 847 970 907 sum,
990 823 1091 892 miser.
1129 823 1220 889 Euo.
1242 823 1315 888 imo

773 947 843 1037 (ego
861 969 945 1024 sum,
966 957 998 1010 et
1015 945 1124 1010 misere
1140 943 1311 1032 perditus,

145 1069 204 1140 coi
224 1082 307 1138 tanta
326 1068 405 1134 mala
424 1065 610 1135 moestitudo
629 1065 750 1156 obtigit.
798 1065 876 1153 [γε.
908 1064 1010 1130 animo
1029 1063 1110 1129 bono
1126 1083 1168 1129 es.

144 1189 231 1258 Eae.
262 1185 793 1278 Qooobsecropactoessapossum?
827 1184 902 1273 loc.
918 1183 1203 1274 quiaistucfacinus
1217 1183 1313 1272 quod

1195 1303 1312 1390 (tunm

145 1424 819 1516 sollicitassntmum,tdegofeci,stfaeor.
842 1421 936 1520 ‘Eua
947 1420 1024 1513 quid
1033 1444 1088 1512 ego
1097 1443 1131 1487 ex
1140 1433 1172 1485 te
1180 1421 1311 1488 audio?

147 1545 227 1634 Lyc.
246 1544 548 1636 quoodverusnest.
575 1540 1311 1636 Euaqnidegodctemerui,adulescens,meli?

84 1687 129 1741 aa,
147 1664 354 1750 Quamobrem
370 1666 412 1732 ita
427 1665 559 1744 moeres,
578 1685 690 1755 meque
703 1687 848 1754 meosque
862 1662 1019 1755 perditum
1033 1662 1092 1728 ires
1107 1661 1247 1728 liberos?

146 1785 226 1873 Lyn.
247 1785 328 1854 Deus
337 1784 484 1876 impulsor
492 1783 571 1850 mihi
582 1783 654 1866 suin
667 1783 796 1850 ismead
805 1784 887 1851 illam
898 1783 1006 1854 illexit.
1024 1783 1109 1850 Euo.
1118 1779 1311 1871 quomodo?

146 1905 227 1993 Lyn.
257 1905 367 1972 Fateor
384 1903 555 1994 peccavisse
571 1924 639 1985 tna,
661 1917 692 1972 et
709 1926 760 1970 me
777 1904 900 1994 culpam
917 1903 1133 1971 commeritum
1151 1901 1223 1968 scio.

146 2023 183 2090 ld
203 2022 280 2090 adeo
297 2035 329 2088 te
345 2036 467 2090 oratum
484 2021 614 2091 advenio
624 2072 634 2103 ,
654 2036 688 2092 nt
705 2024 809 2092 animo
827 2045 925 2114 aequo
945 2023 1080 2117 ignoscas
1097 2021 1187 2091 mihi.

147 2143 233 2213 Euo.
267 2141 330 2210 Gur
347 2141 381 2209 id
399 2166 488 2210 ausus
504 2143 606 2210 iacere
615 2193 627 2224 ,
648 2157 682 2210 ut
700 2142 734 2209 id
754 2142 837 2234 quod
855 2165 917 2209 non
934 2155 1024 2209 tuum
1044 2156 1120 2210 esset
1139 2144 1308 2232 tangeres?

87 2281 131 2332 ao.
148 2263 228 2351 lya.
262 2261 343 2348 Quid
361 2264 406 2330 nis
420 2262 511 2328 lieri?
536 2263 653 2329 factum
674 2276 720 2331 cst
735 2261 830 2346 iltud;
856 2263 924 2330 fieri
943 2262 1093 2330 iniectum
1109 2284 1171 2329 non
1188 2274 1306 2352 potest.

147 2382 227 2448 Deos
245 2379 338 2448 oredo
356 2381 499 2451 voluisse:
523 2404 596 2448 nam
612 2383 646 2448 ni
663 2381 775 2450 vellent
785 2430 795 2463 ,
814 2404 876 2450 non
893 2382 981 2449 fieret
999 2383 1072 2452 scio.

147 2499 234 2570 nus.
266 2500 309 2569 At
322 2525 383 2593 ego
398 2501 470 2570 deos
484 2501 577 2571 credo
593 2502 739 2584 voluisse,
755 2516 789 2569 nt
806 2501 889 2594 apud
903 2525 955 2569 mc
967 2517 1000 2571 te
1016 2506 1048 2570 in
1061 2523 1154 2571 nervo
1169 2505 1308 2576 enicem.

147 2618 228 2707 byc.
248 2621 479 2692 Neistucdixis.
499 2621 671 2713 qunid
680 2621 739 2689 tibi
748 2645 819 2714 ergo
828 2645 940 2705 meam,
952 2647 1002 2691 mc
1011 2625 1118 2707 invito,
1127 2627 1223 2692 tactio
1232 2625 1307 2692 est?

148 2740 228 2826 Lyn.
259 2738 337 2825 Quia
352 2739 417 2805 vini
430 2740 505 2808 sitio
520 2755 613 2833 atqne
628 2742 740 2809 amoris
754 2742 826 2813 feci.
867 2725 954 2813 Ebc.
971 2743 1066 2813 homo
1080 2744 1308 2830 audacissime,

86 2873 131 2927 ab.
149 2857 229 2926 Gom
247 2857 366 2925 istacin’
387 2871 419 2926 te
439 2849 575 2928 oratione
595 2860 656 2928 huc
675 2860 715 2927 ad
734 2885 788 2929 mc
806 2861 892 2929 adire
909 2886 1035 2946 ausum,
1052 2864 1242 2956 impudens?

146 3077 225 3139 libus,
248 3078 288 3128 sel
306 3075 521 3142 indignationem,
540 3081 582 3131 sel
598 3080 706 3131 admira·
749 3081 893 3134 Solls'cs'tot.
928 3081 1012 3133 Livius
1029 3083 1096 3134 XXI.
1111 3082 1153 3134 lo.
1174 3081 1307 3149 Ablsooss-

146 3171 260 3230 tioaem,
279 3170 320 3221 vel
339 3173 450 3232 metum,
469 3169 584 3222 denotat.
616 3171 707 3224 Noster
745 3175 809 3223 dum
823 3188 866 3235 so,
885 3175 957 3224 unde
973 3176 1070 3226 seced
1080 3191 1129 3225 nos
1147 3189 1242 3225 nomon
1254 3175 1308 3239 fo·

146 3263 220 3327 Capi.
239 3263 288 3313 111.
304 3261 330 3309 5.
348 3263 392 3311 92.
745 3280 841 3330 meque
858 3266 918 3328 ejus
934 3267 1072 3325 accedere,
1099 3281 1183 3331 neque
1202 3265 1308 3316 sollici·

168 3353 212 3402 l's's
236 3354 299 3403 laea
323 3353 428 3416 quidem
452 3360 505 3414 est,
526 3361 558 3404 -et
585 3355 659 3405 troisi
681 3361 707 3405 et
746 3362 805 3406 tosa
819 3357 925 3422 quietos
939 3358 1059 3407 ciuitatis
1075 3363 1176 3407 statana
1190 3359 1289 3422 possit.

510 3441 600 3508 (trudi
615 3445 705 3496 simul.
761 3447 804 3499 32.
815 3449 888 3511 apud
895 3461 936 3496 me
945 3453 979 3498 te.
992 3449 1052 3497 cum
1062 3448 1178 3500 Goellero
1189 3455 1307 3514 transpo-

146 3537 252 3585 Snalon.
276 3535 374 3587 Caesar.
396 3535 439 3588 82.
464 3537 519 3588 t'sto
540 3537 646 3600 quidem
665 3537 707 3587 os's
744 3539 792 3590 sui.
806 3538 872 3588 libri
882 3540 938 3589 lits.
950 3553 1035 3588 omnes
1044 3542 1070 3588 et
1080 3538 1309 3590 editioneshabent

146 3631 195 3677 est.
220 3623 277 3674 vid.
296 3624 420 3676 Schuetz.
442 3626 473 3676 ad
490 3627 566 3679 Plinii
581 3629 704 3691 Panegyr.
744 3631 818 3695 apsa
832 3637 857 3681 te
873 3645 930 3680 me:
946 3630 1027 3680 altera
1046 3634 1131 3681 tannen
1147 3631 1211 3680 satio
1227 3631 1308 3694 magis

146 3733 202 3782 cap.
220 3713 271 3773 211.
289 3714 335 3776 qni
353 3717 437 3765 lamen
457 3717 593 3780 Giesiginm
615 3725 705 3767 nactus
745 3737 886 3785 congruens
901 3721 1001 3770 videtur
1016 3722 1081 3772 irato
1090 3722 1231 3786 minacique
1240 3723 1306 3774 seni.

146 3809 186 3854 est
202 3802 391 3866 obloquentem.
779 3811 823 3860 35.
858 3813 895 3861 ool
917 3827 958 3861 ms
985 3813 1061 3863 odire
1085 3827 1191 3862 ausum.
1226 3814 1308 3864 Recte

179 3893 223 3943 23.
269 3891 412 3945 Sollicitat.
456 3895 473 3943 i.
498 3912 522 3945 e.
550 3897 703 3958 contristat,
745 3900 878 3952 Lambinus
898 3906 1003 3952 annotat
1018 3902 1061 3953 hic
1080 3902 1246 3969 supplendum
1264 3918 1307 3953 es·

146 3985 282 4038 disturbat.
300 3985 358 4039 Vid.
374 3987 464 4037 Donat.
480 3986 511 4035 ad
525 3987 704 4043 Terentslnd.
746 4007 790 4050 te.
814 4006 868 4058 par
886 3993 945 4044 ost!
969 4009 1084 4060 osquam
1109 3995 1167 4044 est?
1191 3993 1308 4044 subtele
1331 3983 1333 3988 ¹

146 4079 191 4128 lv.
212 4078 239 4127 2.
261 4077 288 4127 6.
313 4081 340 4127 el
364 4078 450 4129 eadem
476 4077 529 4130 inb.
551 4077 582 4128 t.
608 4069 634 4129 3'.
662 4080 704 4131 16.
745 4082 822 4146 quida
842 4083 1034 4135 estinfinitivus
1052 4083 1240 4150 indignationis.
1266 4084 1308 4135 Sic

146 4167 228 4217 Tibul.
245 4167 294 4218 111.
313 4169 339 4220 b.
361 4169 402 4222 12.
745 4173 814 4238 vus.
833 4175 897 4225 Aen.
915 4175 938 4226 1.
956 4175 1002 4232 37·

162 4256 218 4306 Nec
244 4273 288 4308 sos
315 4261 464 4311 sollicitant
483 4262 563 4326 sacta
588 4263 707 4327 assando
840 4275 915 4314 messe
929 4266 1036 4331 incepto
1048 4249 1176 4318 desistere
1189 4265 1307 4318 siclam!

143 4343 213 4406 virg.
230 4345 294 4396 Aen.
309 4348 355 4400 lv.
375 4348 436 4402 379.
594 4348 703 4412 (mssss.
760 4347 820 4384 Μ’
829 4363 907 4392 ····⁴·
920 4353 1006 4406 Italia
1023 4355 1187 4408 Teucrorum
1202 4362 1306 4407 aceste-

435 4450 466 4484 ea
483 4451 548 4488 csso
567 4428 673 4502 quidm
1141 4446 1184 4510 (rs
1199 4446 1307 4512 seam!
