2876 4814
661 273 781 343 31·

299 553 434 626 rosus
458 551 649 626 ruamus,
695 550 829 625 soma
853 551 1059 623 succum.
1084 503 1087 510 ⁴

526 820 653 874 trucum.
688 819 840 870 cornuto.

63 1069 202 1140 Redi:
223 1093 285 1161 quo
300 1069 492 1160 fugisnunc?
509 1083 596 1151 tene,
612 1083 694 1140 tenc.
719 1068 819 1158 Gorty.
832 1068 969 1160 q'uidtn,
985 1069 1113 1152 stolide,
1128 1069 1262 1138 clamas?

68 1190 192 1260 Esse.
215 1190 293 1276 Quia
307 1189 347 1256 ad
357 1191 498 1257 tresviros
501 1193 569 1281 jam
584 1211 640 1280 ego
651 1189 786 1256 deferam
797 1203 885 1256 tuum
894 1212 1017 1260 nomen.
1041 1189 1141 1279 Conq.
1153 1211 1264 1280 quam·

1119 1310 1263 1396 (obrcmi

74 1427 194 1496 Euo.
224 1428 301 1514 Quia
316 1428 447 1494 cultrum
463 1425 569 1497 habes.
609 1426 710 1516 Gorty.
727 1425 817 1509 hem,
832 1430 940 1494 docum
956 1425 1056 1498 decet.
1089 1429 1175 1497 Euo.
1188 1429 1264 1520 quid

1012 1567 1016 1581 ·
1048 1546 1264 1636 (comminatus

81 1669 215 1738 Mihi?
251 1650 350 1756 Oonq.
369 1668 447 1734 istuc
464 1667 666 1734 malefactum
681 1667 836 1747 arbitror,
855 1665 927 1757 quia
945 1689 1007 1733 non
1024 1668 1102 1736 latus
1120 1669 1198 1738 fodi.

85 1789 199 1861 Esse.
223 1788 325 1855 Homo
343 1788 443 1854 nullus
462 1801 508 1854 ast
525 1800 557 1854 tc
574 1786 728 1854 scelestior
747 1787 802 1877 qui
821 1786 902 1853 vivat
919 1785 1033 1868 hodie,

87 1909 217 1998 Neque
235 1895 489 1998 cuiismpliuslds
507 1907 656 1974 industria
673 1899 839 1998 mnleiplus
856 1891 966 1974 lubens
983 1907 1088 1977 sarim.

96 2028 213 2116 Gany.
240 2029 294 2094 Pol
312 2028 368 2094 etsi
386 2041 485 2094 uocas
495 2078 506 2110 ,
525 2029 628 2119 palam
645 2027 677 2093 id
696 2026 823 2118 quidem
842 2040 906 2096 est:
931 2049 980 2095 res
1000 2027 1066 2118 ipsa
1090 2029 1174 2096 tostis
1196 2042 1260 2133 ost:
1322 2119 1327 2136 ἱ

92 2145 152 2214 Its
171 2147 303 2214 fustibus
320 2171 386 2214 sum
404 2148 524 2215 mollior
541 2149 638 2239 magis
657 2169 751 2237 quam
769 2145 839 2213 illus
857 2145 1013 2215 cinaedus.

94 2265 167 2334 Sed
188 2263 263 2356 quid
282 2266 341 2333 tibi
358 2289 413 2334 nos
423 2317 433 2348 ,
453 2267 594 2335 mendice
612 2267 728 2350 homo,
748 2266 843 2334 tactio
861 2268 931 2334 est?
953 2290 1032 2356 qnae
1049 2267 1124 2334 res?

135 2527 164 2577 6.
206 2527 326 2593 anplius
346 2528 420 2592 plus.
460 2527 564 2578 Plautus
586 2543 660 2595 saepe
701 2527 768 2594 apud
782 2528 901 2578 Plautum
925 2528 1068 2594 saepisrime
1089 2527 1186 2578 obviarn
1211 2529 1260 2582 lit's

98 2620 285 2668 incrementum
301 2619 436 2683 quoddam,
452 2620 589 2685 pleonasmi
602 2635 660 2686 spe·
700 2620 748 2670 bac
772 2619 859 2670 eadem
882 2619 934 2671 lab.
959 2619 1003 2670 tv.
1026 2619 1068 2671 lu.
1094 2619 1135 2672 14.
1173 2621 1261 2674 tatius

100 2711 170 2758 ciem
195 2710 323 2769 referens,
350 2711 400 2759 rim
430 2712 571 2760 sententiae
600 2725 660 2759 voro
700 2711 812 2778 exempla
827 2711 931 2778 praebet
948 2712 1067 2778 Heusing.
1086 2711 1117 2761 ad
1135 2712 1261 2764 Vecbneri

99 2799 238 2862 insigniter
256 2815 366 2862 augens,
385 2801 562 2866 comparativis
580 2799 658 2850 addit.
699 2802 824 2851 Hellenol.
843 2819 869 2868 p.
884 2799 946 2852 264.
989 2801 1069 2851 Etiam
1088 2803 1190 2852 Graecis
1206 2802 1258 2854 hoc

100 2889 235 2940 lensech.
255 2889 320 2954 prol.
338 2905 362 2939 v.
380 2890 425 2942 1111.
701 2907 832 2942 commune
843 2895 906 2942 erat.
924 2892 998 2942 Plato
1008 2893 1115 2959 Apolog.
1128 2891 1168 2944 17.
1180 2893 1259 2958 ἡέμὴ

234 2982 321 3044 mauis
335 2983 447 3046 majores
463 2995 549 3046 stupas
567 2983 660 3046 sperit.
699 2981 738 3048 τῷ
754 2976 814 3048 Setis
829 2979 975 3051 ὑπηρεσία.
1000 2985 1099 3036 Aeliau.
1116 2984 1176 3034 var.
1191 2984 1257 3034 ilist.

99 3071 184 3121 Stich.
202 3071 233 3123 V.
253 3071 280 3123 4.
301 3071 343 3124 22.
700 3073 736 3124 11.
757 3073 801 3124 41.
820 3077 940 3126 extremo.
968 3073 1059 3123 Klein
1079 3075 1120 3128 sis·
1142 3070 1260 3132 ἅμιλλαι

163 3163 219 3212 s'mo
236 3163 306 3212 esss'm
325 3164 368 3213 istc
384 3165 471 3228 mopis
487 3168 527 3212 est
543 3164 658 3214 dulcius.
701 3165 798 3225 ἰοῦσα,
818 3163 848 3213 οὐ
867 3163 976 3228 γιιιαιξ1
993 3149 1106 3225 μόναις,
1125 3160 1259 3210 allidunt

97 3253 206 3304 Heroat.
223 3254 254 3305 V.
273 3253 300 3305 2.
317 3251 361 3304 57.
699 3260 758 3310 τοῖς
775 3253 905 3322 ἀνδράσιν
924 3261 983 3308 τοῖς
1005 3250 1172 3312 συμπόταις,
1197 3251 1276 3301 das:

1279 1811 1306 1861 5.

115 3345 313 3410 usqusssross'
326 3345 413 3410 sssqs's
427 3359 468 3394 ms
483 3345 549 3394 osus
564 3345 662 3395 molius
698 3345 801 3410 νοτάτη
817 3352 892 3394 πιεῖν
909 3331 952 3409 ἦν.
983 3342 1057 3394 coni.
1072 3342 1262 3409 Wesselinssad
1359 3367 1360 3374 ¹

456 3436 582 3502 (acquum
598 3437 658 3486 siet.
699 3435 774 3487 Itiod.
794 3436 844 3508 Sic.
864 3433 888 3485 1.
903 3433 930 3485 4.
951 3437 979 3484 st
995 3433 1026 3484 ad
1041 3434 1135 3485 Herod.
1145 3435 1203 3487 Vll.
1217 3437 1259 3490 16.

99 3527 219 3578 Similiter
228 3527 328 3578 Graeci.
340 3529 413 3579 lions.
425 3527 489 3576 llisd
499 3527 585 3578 nutv.
597 3527 658 3580 203.
732 3529 760 3576 9.
795 3525 932 3592 quassos?
958 3525 1080 3577 Solemnis
1094 3527 1262 3594 iormulaqua

247 3614 368 3685 ῥηΐτεροι
384 3616 498 3678 μᾶλλον.
699 3617 836 3668 utebantur
859 3615 1026 3680 admirantes,
1055 3620 1260 3681 stomachantes,

98 3709 280 3761 11901132.
297 3709 399 3770 μᾶλλον
414 3709 578 3779 ὅλβιὼτιρός
591 3711 659 3763 tos..-
700 3713 727 3759 et
736 3708 909 3773 indignatione
918 3710 1019 3775 perciti.
1033 3713 1108 3762 Persa
1117 3713 1167 3767 111.
1180 3714 1205 3762 l.
1215 3713 1261 3764 32.

99 3801 185 3868 Eurip.
203 3801 303 3867 ilippol.
322 3800 383 3852 490.
403 3800 482 3865 λόγος
495 3798 597 3862 μᾶλλον
612 3800 660 3849 ἀλ·
830 3814 898 3865 quus
916 3801 964 3852 bas
982 3817 1025 3851 res
1041 3803 1124 3853 sunt!

98 3892 163 3956 yios
179 3889 281 3942 κλύειν.
310 3892 417 3944 lsoorst.
433 3892 537 3943 Archid.
554 3909 580 3958 p.
599 3892 658 3944 138.
700 3890 767 3942 Ibid.
783 3892 815 3942 V.
836 3891 863 3944 2.
884 3891 928 3944 co.
949 3896 976 3943 et
995 3894 1102 3944 Poenul.
1121 3895 1152 3945 V.
1171 3893 1198 3948 4.
1216 3893 1260 3946 29.

100 3982 129 4034 B.
153 3983 181 4033 G·
207 3981 279 4032 uoti
302 3980 405 4043 μᾶλλον
428 3991 565 4051 spamus.
600 3983 659 4036 vid.
700 3982 819 4033 Similiter
836 3984 939 4034 Graecis
957 3985 1012 4034 lere
1036 3977 1094 4034 οἶοι
1119 3985 1197 4036 babet
1212 3986 1262 4034 sina

100 4075 269 4124 Berneocerus
295 4073 328 4123 ad
351 4075 419 4123 Just.
445 4075 495 4127 lib.
525 4075 552 4126 2.
582 4073 608 4126 7.
633 4077 662 4125 st
700 4073 847 4126 sdmirsndi.
875 4075 963 4141 odyss.
984 4075 1020 4128 11.
1040 4075 1102 4127 239.

100 4165 251 4230 Wesseling.
270 4165 302 4214 sd
318 4165 410 4217 Herod.
429 4165 487 4217 v11.
507 4164 566 4216 143.
705 4195 707 4200 -
1032 4157 1089 4213 οἷον
1106 4162 1229 4216 ἅπαντος

131 4257 159 4309 9.
193 4259 395 4309 nasturtiosst.
422 4257 500 4325 Saepe
515 4254 661 4308 nominibus
700 4243 768 4323 ἧσθ’
784 4253 876 4322 drap..
898 4254 1027 4321 Aristoplr.
1046 4253 1112 4302 Pace
1129 4251 1174 4302 33.

102 4347 241 4401 verbalibus
260 4349 288 4398 in
309 4350 355 4411 s‘o,
381 4348 484 4400 eosdem
508 4363 580 4399 cssus
595 4349 660 4413 jun·
729 4338 786 4396 οἷον
804 4343 837 4395 δὲ
856 4341 971 4402 uiuaci
988 4340 1143 4408 κατάρατος
1161 4339 1261 4392 tacto.

104 4453 159 4504 gere
173 4440 258 4492 solent
272 4439 368 4502 Latini,
385 4453 449 4504 quos
463 4438 538 4492 rerba
552 4442 660 4503 regnante
702 4435 761 4485 vid.
776 4435 899 4486 Valckes.
917 4433 949 4486 sd
967 4433 1099 4485 Phoeniss.
1121 4433 1197 4485 1633.
