2876 4814
745 287 790 362 l'e

189 487 246 556 ttu
263 483 382 578 legibus
400 505 494 576 quam
512 485 573 566 ris,
594 481 688 565 cedo,
707 484 832 575 nuptias
849 481 975 554 adorna.

190 607 279 678 lun.
313 605 413 694 Quam
432 589 712 695 maucmd'pcssum
731 603 809 686 tibi,
829 593 940 685 irater,
959 603 1032 672 dare
1051 603 1135 674 dote:

189 725 252 800 Sed
268 739 315 796 ort
331 723 476 818 grandior
493 737 586 806 uatu,
604 721 707 792 media
727 735 772 792 est
790 723 928 792 mulieris
947 736 1039 794 netas.

7 885 9 894 ·
129 869 172 922 tc.
190 849 267 916 llam
286 847 313 916 si
326 845 437 940 jubes,
455 843 569 926 irrter,
588 841 647 912 tibi
665 863 718 910 me
736 861 882 936 poscere,
901 865 1037 935 poscam.

189 967 282 1058 uteo.
294 965 451 1036 Numnam
464 963 509 1032 ris
525 985 576 1030 me
591 963 841 1056 interrogante?
864 962 956 1034 Eun.
971 965 1052 1046 iuro,
1063 959 1176 1055 siquid
1187 965 1259 1045 ris,
1278 985 1363 1054 roga.

190 1087 282 1178 Moy.
307 1087 377 1154 Post
389 1083 526 1152 mediam
542 1095 676 1152 aetatem
691 1082 745 1172 qui
759 1081 895 1150 mediam
911 1083 998 1150 ducit
1012 1105 1136 1150 uxorem
1152 1082 1315 1164 domum,

189 1206 226 1276 si
242 1225 310 1272 ectu
330 1224 418 1272 senex
437 1223 530 1270 annm
548 1213 768 1294 praegnantem
785 1200 916 1270 iortnitn
934 1201 1059 1283 feeerit,
1161 1241 1164 1250 ·

191 1322 272 1412 Quid
292 1323 432 1403 dubitas,
451 1321 527 1414 quin
548 1323 589 1390 sit
605 1334 748 1414 paratum
767 1343 878 1390 nomeu
896 1344 993 1414 puero
1009 1322 1192 1392 Postumus?

129 1463 175 1516 tt.
192 1445 282 1514 Nunc
300 1467 357 1536 epo
377 1443 489 1523 istum,
508 1463 611 1524 soror,
630 1442 768 1511 laborem
785 1440 908 1509 demam
926 1454 957 1510 et
976 1440 1144 1509 diminuam
1164 1442 1238 1512 tibi.

192 1565 258 1656 Epo
276 1563 389 1632 rirtute
408 1561 501 1629 deum
519 1573 551 1630 et
568 1563 720 1651 mujcrnm
737 1574 909 1630 nostrorum
928 1559 1014 1630 dirce
1031 1583 1099 1630 sum
1116 1561 1199 1631 rutis.

192 1685 270 1755 letan
287 1706 412 1776 magnas
432 1683 598 1766 lectiones,
615 1683 750 1764 animoa,
768 1680 854 1749 dotes
872 1681 1020 1775 dapsiles,

194 1801 368 1886 Clamores,
386 1802 534 1894 imperia,
554 1801 681 1870 eburata
697 1799 839 1867 vehicula
848 1847 859 1884 ,
879 1803 993 1893 pallas,
1010 1822 1197 1892 purpuram,

193 1921 281 1992 Nihil
299 1943 420 2002 moror,
438 1944 519 2012 quone
538 1921 570 1987 iu
590 1920 767 1988 scrritntem
785 1920 936 1988 sumtibus
955 1919 1099 2010 redigunt
1118 1918 1208 1990 rinus.

131 2059 178 2115 uo.
195 2041 285 2114 Erus.
300 2069 303 2076 ’
317 2041 377 2110 llic
394 2039 491 2122 milri,
515 2061 648 2132 quaeso,
672 2039 740 2128 quir
759 2059 795 2106 ec
814 2052 875 2121 est,
897 2029 992 2132 quum
1010 2040 1055 2107 ris
1073 2037 1186 2106 ducere
1201 2033 1355 2106 uxorem?

1083 2156 1187 2248 (Mep.
1210 2160 1353 2248 eloquar.
1429 2245 1430 2248 Ἴ

194 2277 345 2350 Novistin'
365 2278 448 2346 hunc
465 2298 569 2346 senem
588 2276 769 2345 Euclionem
788 2297 824 2345 cx
842 2278 998 2370 proximo,
1016 2277 1258 2368 pauperculum?
1429 2291 1430 2364 i

196 2401 286 2470 Eoo.
304 2397 782 2482 Norihonaiuenr,huudmalum
790 2410 952 2468 mecastor.
976 2397 1068 2486 Mep.
1079 2399 1143 2487 ejus
1152 2397 1243 2496 cupio
1253 2395 1352 2464 liliam

194 2521 354 2612 Virginem
372 2515 451 2586 mihi
470 2516 667 2610 desponderi:
689 2518 783 2585 rerba
802 2538 843 2584 ne
862 2518 974 2598 iacias,
994 2539 1089 2616 soror.

195 2639 268 2710 Scio
285 2637 362 2732 qnid
381 2638 566 2709 dictumest
588 2637 669 2706 lsanc
686 2660 750 2706 esse
767 2659 952 2730 pauperemz
973 2637 1050 2705 haec
1067 2659 1187 2729 pauper
1203 2635 1314 2732 placet.

133 2771 181 2823 ut.
196 2760 286 2830 llum
320 2759 361 2828 lli
385 2759 463 2828 bene
486 2761 621 2828 rerunt!
668 2756 761 2847 Meq.
779 2755 880 2824 ·idcm
902 2779 957 2848 ego
980 2780 1079 2849 spero.
1127 2757 1220 2832 Eam.
1250 2749 1350 2846 quid?

786 2876 850 2964 (me
868 2875 1024 2967 numquid
1043 2875 1111 2944 ris?
1158 2875 1250 2966 Mep.
1274 2873 1351 2944 rale.

197 2999 287 3068 Eun.
318 2995 359 3066 Et
377 3009 429 3078 tu,
451 2996 557 3066 frater.
604 2975 696 3090 Mcq.
727 3018 783 3089 ego
806 2996 985 3064 conveniam
1005 2995 1205 3078 Euclionem,
1225 2995 1250 3064 si
1269 2992 1352 3064 dorni
1429 3029 1430 3042 κ

163 3171 166 3178 .
198 3093 270 3202 list,
290 3117 343 3188 sud
362 3137 486 3186 eccum:
506 3115 609 3184 nescio
628 3113 712 3185 uude
731 3138 795 3185 sese
812 3113 906 3186 homo
923 3114 1035 3208 recipit
1054 3115 1193 3190 domum.
1259 3185 1263 3191 ,
1429 3129 1430 3164 l

233 3365 277 3417 43.
307 3367 442 3434 fortuitu.
477 3370 565 3433 Μυκη·
582 3367 609 3416 in
631 3365 681 3417 lroc
698 3365 756 3417 icco
832 3365 876 3418 55.
911 3365 1044 3432 numquid
1056 3365 1109 3422 cie:
1133 3365 1278 3416 sexcenties
1293 3364 1355 3416 laren
1429 3355 1430 3360 ¹

198 3453 238 3505 tie
263 3457 359 3508 comice
380 3459 447 3509 inest
469 3456 496 3508 in
520 3457 596 3508 verbo
613 3458 755 3526 fortuitu,
798 3456 894 3523 phrasis
921 3456 987 3522 apud
1015 3457 1132 3508 Plautum
1157 3459 1185 3508 ct
1213 3456 1356 3507 Terentium

200 3559 252 3608 qtro
271 3544 373 3606 addito,
391 3562 500 3598 amorem
516 3549 583 3600 ceni·
597 3528 710 3612 nnutqul
727 3551 758 3597 ut
798 3547 919 3598 occurrit.
954 3547 1039 3598 Sermo
1056 3551 1096 3596 est
1116 3528 1287 3600 diesedcntica
1304 3548 1355 3597 nc·
1429 3599 1430 3614 p

197 3637 305 3687 maxime
321 3636 483 3686 ridiculosum
500 3639 605 3692 Plenius
622 3639 713 3705 carpit.
798 3640 852 3688 unt.
870 3636 902 3687 cd
919 3637 1021 3687 Terent·
1038 3638 1101 3688 Eun.
1122 3638 1158 3688 11.
1178 3637 1205 3686 θ.
1224 3635 1269 3686 te.
1294 3635 1355 3686 Att-

234 3726 278 3778 id.
313 3729 416 3780 oirtm
430 3729 526 3778 Deum.
550 3729 638 3779 Virtus
652 3728 702 3777 hcc
717 3727 757 3778 lc·
800 3728 873 3787 tort,
893 3740 928 3777 ere
944 3729 975 3778 id
989 3728 1056 3778 dure
1067 3727 1207 3795 fecerent,
1221 3721 1356 3791 *numquid
1429 3775 1430 3778 ,

196 3832 233 3869 cn
259 3822 299 3870 ert
321 3817 460 3886 tolerares
485 3817 523 3869 rie
545 3814 611 3868 bene
630 3816 757 3870 faciundis
798 3818 837 3870 ris
858 3818 979 3871 dicrluet
1000 3819 1058 3879 loir,
1084 3818 1241 3886 puilurouse
1256 3815 1355 3869 eonsti-

199 3908 267 3960 idem
285 3923 371 3960 reatus
388 3908 517 3960 invenitur
534 3907 561 3958 in
579 3907 651 3975 Capi.
673 3908 708 3958 11.
729 3907 757 3959 2.
800 3907 910 3959 tierent:
928 3908 980 3962 rid.
999 3907 1086 3962 Horat.
1105 3911 1127 3964 1.
1145 3907 1195 3962 cat.
1212 3911 1239 3962 9.
1257 3911 1284 3960 6.

199 3997 245 4054 74.
263 3999 308 4052 nbi
323 3999 375 4053 rid.
393 4000 468 4053 lloct.
486 3995 605 4050 Boreche.
652 4007 657 4034 ³
